1811 3103
169 69 252 111 126
686 70 734 105 Μ.
763 69 922 105 TULLII
949 70 1203 107 CICERONIS

167 179 334 231 quodam
367 178 481 217 modo
515 180 599 230 ipse
633 191 673 218 se
706 179 931 219 incluserat.
995 180 1097 226 Quin
1131 181 1266 232 etiam,
1304 191 1353 218 ne
1391 182 1544 220 tonsori
1581 181 1724 221 collum

165 239 447 289 committeret,
488 238 652 276 tondere
694 238 791 277 filias
834 250 923 277 suas
968 238 1112 278 docuit.
1174 238 1229 277 Ita
1275 237 1433 278 sordido
1472 238 1724 290 ancillarique

165 297 328 336 artifieio
361 298 491 347 regiae
523 298 712 349 virgines,
746 303 789 336 ut
820 297 1094 349 tonstriculae,
1132 296 1348 336 tondebant
1384 297 1546 336 barbam
1586 303 1626 337 et
1664 309 1724 337 ca-

163 355 301 407 pillum
332 356 468 407 patris.
529 354 578 394 Et
616 361 746 394 tamen
785 355 832 393 ab
871 355 931 394 his
969 357 1085 408 ipsis,
1129 367 1219 395 cum
1263 357 1339 394 iam
1384 362 1516 395 essent
1560 356 1725 409 adultae,

165 414 316 453 ferrum
347 415 514 453 removit
545 415 796 466 instituitque
828 421 872 453 ut
903 414 1163 453 candentibus
1190 413 1431 465 iuglandium
1457 414 1725 466 putaminibus

105 480 147 511 59
165 472 327 512 barbam
359 472 435 512 sibi
467 479 506 512 et
537 473 719 524 capillum
753 473 976 512 adurerent.
1039 473 1215 524 Cumque
1248 473 1344 512 duas
1375 485 1519 512 uxores
1551 473 1726 526 haberet,

164 531 481 583 Aristomachen,
514 533 638 570 civem
671 544 800 584 suam,
838 531 1022 571 Doridem
1055 538 1185 571 autem
1217 530 1474 584 Locrensem,
1512 533 1568 571 sic
1605 536 1725 571 noctu

164 591 210 629 ad
251 602 316 629 eas
352 589 586 642 ventitabat,
630 596 674 629 ut
712 593 842 629 omnia
880 591 1152 642 specularetur
1190 596 1230 629 et
1266 596 1585 641 perscrutaretur
1623 596 1726 629 ante.

162 648 213 687 Et
244 661 334 687 cum
367 649 512 687 fossam
544 648 660 687 latam
693 649 908 688 cubiculari
939 650 1040 689 lecto
1080 648 1406 689 circumdedisset
1444 651 1608 700 eiusque
1647 648 1724 687 fos-

163 719 227 746 sae
272 708 484 746 transitum
527 707 727 758 ponticulo
780 708 908 759 ligneo
959 710 1246 760 coniunxisset,
1297 720 1387 747 eum
1437 709 1584 760 ipsum,
1634 719 1725 747 cum

163 766 289 805 forem
321 765 493 805 cubiculi
519 766 730 818 clauserat,
763 767 1033 818 detorquebat.
1095 767 1282 818 Idemque
1315 778 1405 806 cum
1437 768 1477 806 in
1509 766 1725 806 communi-

162 823 237 864 bus
270 826 465 876 suggestis
498 827 716 864 consistere
749 838 827 864 non
859 826 1040 879 auderet,
1073 827 1292 865 contionari
1324 838 1371 865 ex
1398 827 1500 865 turri
1526 826 1601 865 alta
1627 823 1725 864 sole-

105 891 150 922 60
164 883 240 922 bat.
303 884 430 934 Atque
463 885 496 922 is
523 896 613 922 cum
639 883 716 935 pila
742 883 878 923 ludere
904 884 1019 923 vellet
1046 907 1101 912 —
1128 885 1303 923 studiose
1330 886 1435 923 enim
1460 884 1499 923 id
1526 883 1726 924 factitabat

163 963 220 969 —-
260 943 510 993 tunicamque
555 948 739 994 poneret,
784 942 1097 995 adulescentulo,
1143 955 1260 994 quem
1304 943 1473 996 amabat,
1516 943 1726 982 tradidisse

163 1000 333 1051 gladium
366 1000 520 1039 dicitur.
584 1000 655 1039 Hic
689 1013 778 1039 cum
811 1001 970 1052 quidam
1002 1001 1203 1040 familiaris
1241 1003 1373 1040 iocans
1413 1001 1578 1041 dixisset
1609 998 1726 1040 ‘Huic

164 1059 323 1110 quidem
373 1064 481 1098 certe
531 1060 649 1098 vitam
699 1065 807 1098 tuam
857 1057 1099 1112 committis',
1149 1060 1430 1111 adrisissetque
1482 1060 1726 1111 adulescens,

163 1123 377 1169 utrumque
404 1119 520 1156 iussit
545 1118 731 1170 interfici,
758 1118 943 1171 alterum,
970 1121 1060 1170 quia
1086 1120 1186 1158 viam
1213 1120 1563 1158 demonstravisset
1587 1119 1722 1158 interi-

160 1176 293 1215 mendi
325 1178 405 1229 sui,
438 1176 621 1228 alterum,
655 1179 745 1228 quia
778 1177 926 1216 dictum
958 1177 998 1216 id
1031 1179 1114 1217 risu
1147 1178 1453 1230 adprobavisset.
1515 1178 1643 1229 Atque
1678 1188 1724 1216 eo

162 1236 263 1274 facto
298 1236 353 1274 sic
387 1235 529 1288 doluit,
561 1235 660 1274 nihil
691 1242 735 1275 ut
766 1236 903 1275 tulerit
934 1238 1091 1288 gravius
1123 1238 1163 1275 in
1196 1238 1291 1288 vita3
1323 1248 1441 1287 quem
1472 1238 1577 1275 enim
1610 1235 1724 1274 vehe-

160 1300 315 1333 menter
359 1300 523 1346 amarat,
567 1294 775 1334 occiderat.
843 1295 906 1334 Sic
945 1295 1219 1334 distrahuntur
1256 1297 1297 1334 in
1337 1297 1555 1334 contrarias
1592 1300 1724 1347 partes

158 1354 422 1403 inpotentium
455 1352 706 1404 cupiditates:
738 1366 828 1392 cum
854 1353 946 1393 huic
972 1353 1186 1393 obsecutus
1213 1356 1285 1406 sis,
1316 1354 1372 1393 illi
1404 1360 1465 1393 est
1495 1365 1723 1405 repugnan-

102 1434 144 1464 61
161 1411 265 1450 dum.
329 1411 574 1463 Quamquam
606 1411 669 1450 hic
703 1412 861 1463 quidem
893 1418 1082 1464 tyrannus
1114 1414 1199 1464 ipse
1237 1412 1423 1452 iudicavit
1462 1425 1579 1464 quam
1618 1417 1725 1451 esset

160 1469 310 1509 beatus.
372 1470 470 1509 Nam
503 1482 591 1509 cum
619 1471 776 1521 quidam
808 1484 855 1510 ex
888 1473 972 1510 eius
999 1471 1332 1523 adsentatoribuS,
1364 1471 1587 1523 Damocles,
1619 1483 1723 1510 com—

160 1535 398 1567 memoraret
444 1530 485 1567 in
524 1541 705 1568 sermone
746 1532 878 1581 copias
916 1532 1019 1581 eius,
1057 1543 1170 1583 opes,
1208 1531 1450 1569 maiestatem
1490 1529 1724 1582 dominatus,

160 1599 294 1626 rerum
334 1587 630 1640 abundantiam,
669 1590 997 1639 magnificentiam
1036 1589 1190 1628 aedium
1229 1590 1444 1641 regiarum,
1482 1593 1722 1640 negaretque

159 1658 346 1697 umquam
398 1646 615 1685 beatiorem
665 1659 901 1698 quemquam
953 1648 1093 1700 fuisse,
1137 1644 1270 1686 ‘Visne
1318 1644 1467 1699 igitur'‚
1511 1649 1640 1699 inquit
1683 1644 1721 1685 ‘o

160 1704 360 1758 Damocle,
406 1707 591 1756 qnoniam
632 1712 668 1744 te
708 1706 803 1745 haec
842 1708 918 1746 vita
956 1706 1141 1759 delectat,
1184 1708 1268 1758 ipse
1307 1718 1392 1745 eam
1430 1706 1638 1757 degustare
1685 1711 1724 1745 et

978 1842 1149 1878 Perfekts
1176 1842 1226 1877 ist
1251 1844 1409 1888 gesetzt,
1440 1842 1527 1877 weil
1552 1842 1622 1877 mit
1646 1842 1722 1877 die-

979 1901 1056 1925 sem
1083 1890 1189 1925 Satze
1216 1889 1275 1924 die
1301 1889 1514 1935 Erztihlung
1543 1889 1722 1934 abgebro-

978 1938 1071 1972 chen
1097 1937 1173 1971 und
1199 1937 1263 1971 das
1289 1937 1462 1972 Resultat
1488 1937 1552 1972 des
1573 1935 1724 1971 Ganzen

207 1845 247 1876 ut
267 1842 514 1877 tonstriculae.
553 1842 627 1877 Das
643 1842 821 1878 Geschaft
841 1843 904 1878 des

159 1888 380 1923 Barbierens
417 1890 543 1925 wurde
588 1890 684 1924 auch
726 1891 765 1924 in
809 1891 904 1925 Rom

160 1935 322 1970 vielfach
342 1947 415 1970 von
434 1937 579 1971 Frauen
598 1937 759 1982 besorgt.
795 1938 902 1972 Mart.

159 1982 193 2017 Π
220 1987 275 2025 17,
298 1987 315 2017 1
347 1983 522 2018 Tonstricc
541 1983 708 2019 Suburae
733 1985 904 2027 faucibus

159 2030 254 2064 seclet
283 2030 423 2073 primis.
474 2030 594 2065 Plaut.
630 2032 736 2066 Truc.
769 2031 802 2065 II
834 2035 901 2066 451

164 2076 384 2111 Tonstricem
409 2076 545 2112 Suram
570 2078 704 2112 novisti
728 2082 901 2114 nostram.

207 2127 262 2158 59.
290 2124 384 2158 duas
408 2135 557 2167 uccores,
582 2125 640 2159 die
667 2136 706 2159 er
730 2124 838 2160 beide
860 2138 903 2160 zu

159 2170 324 2215 gleichei·
344 2171 424 2206 Zeit
442 2172 539 2206 nach
559 2171 643 2206 dem
661 2172 762 2207 Tode
784 2172 903 2207 seiner

160 2219 284 2252 ersten
309 2218 407 2252 Fran
432 2218 626 2254 heiratete.

207 2265 501 2308 Aristomachen,
527 2265 585 2300 die
608 2265 813 2301 Schwester
839 2266 902 2302 des

158 2311 373 2346 bekannten
398 2312 503 2347 Dion.

207 2358 411 2393 cubiculari
436 2359 533 2394 lecto.
585 2359 672 2394 Man
699 2359 794 2394 muss
822 2360 901 2394 sich

160 2404 219 2440 die
252 2405 498 2450 Einriehtung
537 2417 577 2440 so
616 2406 778 2448 denhem,
819 2407 900 2442 dass

158 2452 354 2487 innerhalb
387 2453 451 2487 des
484 2453 535 2487 im
559 2453 807 2498 Erdgeschoss
841 2455 903 2489 be—

158 2498 359 2534 findlichen
386 2499 590 2534 Gemaches
624 2512 686 2534 um
719 2501 784 2535 das
818 2500 905 2536 Bett

160 2545 219 2580 ein
247 2545 395 2581 Graben
426 2547 496 2581 mit
521 2547 621 2591 Zug—
661 2547 749 2582 oder
786 2548 903 2582 Dreh-

159 2593 298 2628 briicke
324 2593 532 2628 herumlief.

208 2641 405 2674 transitum
439 2661 482 2665 —
516 2641 781 2684 coniunxisset,
821 2641 853 2676 d.
880 2642 902 2676 i.

160 2688 358 2721 transitum
415 2689 666 2732 eoniunyenclo
725 2689 902 2733 effecisset.

159 2734 322 2768 Ahnlieh
349 2734 442 2768 wird
469 2737 600 2778 flavien
622 2738 733 2779 ponte
758 2736 905 2781 iungere

159 2783 302 2826 gesagt.

209 2832 263 2863 60.
291 2829 424 2863 tulerit.
475 2829 547 2863 Dei
572 2829 802 2874 Konjunktiv
842 2829 905 2864 des

977 1984 1145 2029 gegeben
1170 1984 1273 2018 wird.

1024 2042 1104 2065 cum
1123 2051 1167 2055 —
1188 2032 1247 2064 sis.
1298 2041 1379 2065 eum
1404 2031 1452 2065 ist
1482 2030 1614 2065 kausal
1640 2030 1721 2065 auf-

977 2077 1162 2120 zufassen3
1200 2076 1275 2122 vgl.
1302 2077 1318 2110 I
1344 2080 1363 2119 ξ
1390 2080 1434 2112 88
1473 2078 1611 2112 dicitur
1649 2077 1723 2113 alio

975 2125 1078 2159 moclo
1098 2126 1206 2160 etiam
1226 2135 1362 2167 carere,
1383 2134 1463 2159 cum
1483 2124 1627 2169 aliquid
1645 2134 1721 2159 non

974 2172 1116 2207 habeas.

1022 2219 1114 2263 Kap.
1143 2218 1206 2253 21.
1257 2222 1311 2253 61.
1347 2218 1545 2261 iudicavit,
1585 2218 1720 2263 spraeh

976 2265 1055 2300 sein
1080 2265 1201 2300 Urteil
1227 2276 1302 2300 aus.

1022 2313 1232 2347 Damocles:
1267 2312 1326 2347 die
1353 2312 1549 2347 Anekdote
1576 2311 1721 2347 scheint

975 2359 1035 2394 ein
1059 2359 1242 2395 beliebtes
1263 2359 1405 2394 Thema
1432 2359 1497 2394 der
1515 2358 1720 2394 Rhetoren-

978 2407 1132 2442 schulen
1182 2417 1352 2452 gewesen
1395 2418 1439 2440 zu
1483 2406 1571 2441 sein.
1631 2405 1721 2441 Hor.

979 2464 1087 2488 earm.
1128 2453 1181 2486 III
1222 2457 1258 2496 1,
1300 2457 1340 2487 17
1386 2453 1590 2488 Destrictus
1627 2453 1721 2488 ensis

977 2502 1037 2535 eui
1063 2511 1170 2544 super
1196 2501 1311 2544 impia
1330 2501 1462 2535 cervice
1475 2500 1620 2544 pendet,
1644 2510 1719 2534 non

978 2547 1124 2582 Siculae
1161 2547 1272 2591 dapes
1309 2548 1447 2582 dulcem
1484 2547 1721 2582 elaborabunt

976 2604 1149 2639 saporem.

1025 2643 1234 2686 deyustare,
1274 2641 1308 2676 d.
1345 2641 1369 2676 i.
1408 2641 1546 2683 leviter,

978 2689 1091 2723 labris
1115 2692 1272 2733 qustare.
1324 2687 1405 2722 Sen.
1438 2697 1494 2732 ep.
1529 2691 1590 2730 33,
1617 2690 1637 2722 5
1664 2687 1720 2721 de-

973 2746 1069 2780 pone
1096 2736 1202 2770 istam
1226 2745 1322 2779 spem
1341 2744 1445 2779 posse
1465 2738 1496 2769 te
1515 2734 1719 2769 semimatim

978 2784 1168 2827 demutare
1194 2783 1342 2826 inyerzia
1366 2782 1608 2816 maximorum
1626 2781 1718 2816 viro-

980 2841 1076 2864 rum:
1120 2833 1193 2864 tota
1238 2829 1306 2864 tibi
1349 2829 1579 2873 inspicienda
1621 2830 1715 2863 sunt.

1588 2640 1720 2684 primis

1788 719 1811 1702 ἶ

1801 1958 1803 1966 ι

1806 1979 1811 1989 ι

1804 1997 1811 2018 J

1797 2180 1811 2192 ’.ν
