1790 3103
276 101 673 137 TUSCULANARUM
698 100 1102 136 DISPUTATIONUM
1130 101 1189 136 IV.
1217 105 1366 136 53-55.
1545 99 1598 141 79

41 212 269 263 imperatori
310 215 376 249 aut
416 212 562 249 oratori
604 217 766 262 quaerat
804 210 948 260 aliquid
992 222 1118 259 neque
1161 222 1227 247 eos
1269 212 1479 249 existumet
1511 211 1594 248 sine

43 269 149 309 rabie
182 270 390 320 quicquam
425 269 580 308 sortiter
612 270 739 308 facere
773 266 917 320 posse?
979 265 1109 313 Quid?
1172 268 1312 318 Stoici,
1354 270 1419 318 qui
1462 276 1655 306 omnes5t

42 329 274 379 insipientes
315 329 474 365 insanos
520 339 606 366 esse
648 327 801 379 dicunt,
846 338 975 365 nonne
1019 327 1091 364 ista
1137 325 1366 375 conligunt?
1429 326 1598 365 Remove

40 385 359 439 perturbationes
386 397 645 437 maxumeque
672 385 932 437 iracundiam,
965 386 1039 422 iam
1067 383 1305 422 videbuntur
1338 391 1509 422 monstra
1543 385 1597 422 di-

43 456 143 483 cere.
206 443 317 482 Nunc
350 449 481 482 autem
514 446 565 482 ita
599 445 814 495 disserunt,
855 445 909 481 sic
944 455 984 481 se
1018 443 1148 481 dicere
1187 453 1324 479 omnes
1366 441 1505 479 stultos
1544 444 1599 480 in-

41 504 188 553 sanire,
221 507 264 541 ut
296 502 393 540 male
427 502 533 541 olere
567 514 680 540 omne
713 513 889 540 caenum.
952 502 999 539 At
1031 513 1109 539 non
1143 512 1310 551 semper.
1374 499 1600 538 Commove:

42 562 198 600 senties.
257 560 321 598 Sic
348 561 561 599 iracundus
593 573 671 598 non
704 572 860 612 semper
886 562 1009 598 iratus
1041 565 1118 610 est;
1150 559 1316 597 lacesse:
1349 559 1422 596 iam
1452 557 1601 595 videbis

41 619 249 658 furentem.
299 617 430 664 Quid?
461 621 534 658 ista
560 618 739 658 bellatrix
765 618 984 669 iracundia,
1012 629 1102 655 cum
1129 617 1287 655 domum
1315 616 1448 668 rediit,
1476 615 1600 666 qualis

42 682 102 716 est
141 689 230 716 cum
271 689 411 729 uxore,
455 690 544 715 cum
583 676 735 729 liberis,
780 689 869 715 cum
913 673 1083 714 familia?
1127 688 1173 713 an
1218 682 1300 714 tum
1343 687 1500 725 quoque
1543 681 1602 712 est

12 733 178 787 utilis?
239 735 310 774 Est
350 736 470 786 igitur
512 735 673 787 aliquid,
722 735 824 786 quod
866 734 1093 786 perturbata
1144 746 1255 772 mens
1297 733 1436 771 melius
1477 734 1602 784 possit

42 794 172 833 facere
200 805 316 844 quam
350 792 562 832 constans?
594 806 641 832 an
669 795 876 844 quisquam
903 799 1034 844 potest
1060 794 1143 831 sine
1170 791 1467 844 perturbatione
1496 803 1601 829 men-

45 853 96 891 tis
127 849 273 890 irasci?
334 851 439 889 Bene
467 853 586 902 igitur
612 854 754 904 nostri,
787 865 875 890 cum
904 853 1031 890 omnia
1059 857 1192 890 essent
1223 852 1261 888 in
1296 849 1472 888 moribus
1499 851 1601 901 vitia,

45 910 150 962 quod
182 909 333 949 nullum
360 917 444 949 erat
476 910 676 949 itacundia
704 910 874 962 foedius,
906 910 1116 949 iracundos
1144 909 1246 947 solos
1273 920 1451 947 morosos
1478 909 1599 946 nomi-

41 973 246 1008 naverunt.
309 967 514 1007 Oratorem
547 981 639 1008 vero
672 971 788 1008 i1asci
827 943 985 1007 minime
1026 969 1156 1020 decet,
1195 967 1379 1006 simulaie
1419 978 1495 1004 non
1536 966 1629 1018 de-

43 1027 168 1066 decet.
231 1027 289 1065 An
322 1026 392 1065 tibi
424 1029 540 1066 irasci
572 1034 655 1067 tum
688 1028 883 1080 videmur,
919 1040 1008 1066 cum
1041 1027 1134 1077 quid
1167 1028 1206 1064 in
1240 1027 1368 1064 causis
1402 1026 1530 1063 acrius
1565 1003 1634 1062 et5

46 1085 318 1124 vehementius
352 1084 547 1124 dicimus?
610 1084 740 1132 Quid?
773 1099 862 1125 cum
894 1087 970 1124 iam
1008 1085 1128 1124 rebus
1167 1085 1375 1123 transactis
1416 1090 1454 1122 et
1492 1095 1601 1134 prae-

44 1145 172 1183 teritis
205 1145 402 1182 orationes
435 1144 663 1196 scribimus,
696 1157 789 1183 num
822 1146 911 1183 irati
945 1141 1183 1182 scribimus?

419 1227 569 1274 Ecquis
599 1228 675 1265 hoc
708 1225 1021 1265 anittzadve'rlll?
1055 1227 1221 1264 vincite!

41 1295 145 1334 Num
177 1301 244 1333 aut
276 1296 401 1346 egisse
435 1307 621 1345 umquam
654 1296 797 1333 iratum
829 1296 1027 1346 Aesopum
1066 1301 1132 1333 aut
1165 1296 1371 1345 scripsisse
1405 1295 1603 1333 existimas

42 1356 184 1392 iratum
211 1351 401 1392 Accium?
462 1354 642 1403 Aguntur
669 1355 741 1392 ista
767 1353 968 1404 praeclare
1001 1360 1041 1391 et
1072 1353 1119 1391 ab
1146 1359 1302 1392 oratore
1331 1353 1489 1404 quidem
1523 1365 1602 1391 me-

41 1412 135 1464 lius,
180 1413 213 1451 si
257 1412 372 1450 modo
417 1418 477 1450 est
521 1417 671 1463 orator,
717 1424 833 1463 quam
865 1411 911 1450 ab
944 1412 1023 1450 ullo
1064 1411 1275 1463 histrione,
1320 1411 1387 1450 sed
1433 1417 1603 1462 aguntur

40 1470 183 1510 leniter
216 1476 255 1510 et
285 1477 417 1509 mente
449 1470 671 1521 tranquilla.
853 1470 1072 1509 Libidinem
1099 1483 1192 1509 vero
1218 1470 1377 1508 laudare
1404 1471 1516 1509 cuius
1544 1477 1604 1509 est

41 1526 243 1568 libidinis?
304 1529 609 1568 Themistoclem
654 1529 749 1568 mihi
795 1535 833 1568 et
876 1529 1166 1568 Demosthenen
1211 1529 1416 1580 profertis:
1462 1528 1603 1567 additis

41 1632 92 1665 tio
127 1631 420 1665 enodationis
456 1631 633 1675 indiqens.
685 1631 784 1665 Orat.

42 1681 98 1721 33,
127 1681 194 1712 116
223 1678 407 1712 involutae
441 1679 496 1712 rei
531 1678 664 1713 notitia
701 1678 785 1720 defi-

40 1725 174 1759 niendo
200 1725 446 1769 aperienda
471 1728 530 1759 est.

88 1775 240 1816 quaerat
282 1772 442 1816 aliquid,
479 1772 650 1806 wiinscht
688 1772 785 1806 noch

42 1820 157 1853 etwas
190 1817 318 1860 hinzu,
361 1817 525 1853 namlich
563 1818 684 1853 ausser
721 1819 786 1852 der

41 1866 281 1900 besonnenen
301 1865 518 1909 Tapferkeit
548 1866 644 1900 noch
679 1866 783 1899 Zorn.

90 1915 145 1946 54.
190 1913 263 1946 ista
304 1912 508 1956 conligant:
553 1913 605 1946 sie
653 1912 786 1946 stellen

42 1959 154 2001 alles,
175 1969 249 1992 was
269 1959 360 1993 iiber
380 1958 439 1993 die
452 1958 785 2003 Vernunftwidrig-

41 2006 123 2040 keit
153 2005 216 2040 des
243 2005 376 2040 Zornes
408 2018 451 2039 zu
483 2017 597 2050 sagen
629 2005 693 2048 ist,
725 2018 786 2040 zu-

45 2063 227 2094 sammen,
260 2063 368 2086 wenn
399 2052 451 2087 sie
485 2052 544 2086 ihr
568 2052 786 2087 Paradoxon

44 2096 101 2134 ὅτι
127 2099 201 2139 πᾶς
226 2095 361 2143 ἄφρων
394 2101 566 2143 μαίνεται
603 2099 787 2134 beweisen

44 2145 190 2181 wollen.
240 2146 344 2180 Denn
377 2146 498 2181 dieser
534 2146 619 2182 Satz
653 2147 788 2181 beruht

43 2192 260 2227 wesentlich
293 2192 359 2227 auf
381 2193 464 2227 dem
490 2193 671 2235 Beweise,
706 2193 785 2228 dass

43 2240 116 2274 alle
141 2239 453 2274 Leidenschaften
477 2239 786 2285 vernunftwidrig

44 2285 137 2320 sind.
187 2286 273 2331 Vg1‚
300 2285 374 2321 Cic.
400 2287 531 2321 Parad.
559 2286 618 2321 IV.

91 2333 244 2368 Remove
262 2334 562 2378 perturbationes,
583 2334 616 2368 d.
630 2334 654 2369 i.
670 2334 784 2378 zeige,

44 2379 126 2414 dass
158 2380 218 2414 die
243 2379 554 2416 Leidenschaften
584 2380 689 2415 nicht
720 2393 784 2415 un-

43 2426 166 2471 sinnig
191 2427 283 2461 sind.

90 2477 251 2508 monstra
282 2474 414 2516 dicere,
454 2474 690 2518 ‘Unsinniges
728 2486 783 2509 sa-

43 2521 143 2566 gen'.
193 2521 241 2555 ad
254 2521 331 2554 Att.
352 2521 402 2555 IV
418 2525 451 2564 7,
475 2527 489 2555 1
514 2521 668 2556 Venerat
686 2523 785 2556 horis

44 2568 188 2602 duabus
207 2571 291 2602 ante
305 2567 550 2612 Chaerippus,
570 2580 668 2603 mera
686 2580 784 2603 ‘mon-

43 2618 119 2649 stra
144 2615 352 2649 nuntiabat.

91 2671 261 2696 morosas.
314 2660 386 2695 Cic.
415 2660 571 2705 spx-ioht,
606 2662 661 2696 als
687 2666 784 2697 ware

45 2707 105 2743 die
141 2707 484 2752 Grundbedeutung
518 2719 591 2743 von
624 2719 785 2744 morosas

47 2754 285 2798 ‘unsittlich’‚
336 2755 512 2789 wahrend
567 2756 632 2790 das
676 2756 786 2790 Wort

46 2800 141 2836 doch
167 2802 353 2837 entweder
371 2813 442 2836 von
469 2802 533 2836 der
547 2802 696 2837 Wurzel
716 2815 784 2847 μερ

47 2848 253 2884 abzuleiten
289 2848 356 2893 ist,
398 2860 472 2884 von
510 2849 575 2883 der
613 2847 784 2893 μέριμνα,

859 1632 1067 1675 μερμηρίζω
1088 1630 1312 1672 herkommt,
1338 1631 1416 1665 also
1439 1630 1603 1674 ‘sorgen-

859 1678 951 1712 voll’
989 1677 1181 1720 bedeutet,
1227 1677 1315 1711 oder
1358 1677 1427 1711 mit
1471 1687 1603 1719 morus,

859 1725 979 1769 μωρία
1005 1724 1348 1768 zusammenh'angt.

906 1783 998 1827 Kap.
1026 1782 1090 1818 25.
1143 1786 1197 1818 55.
1236 1783 1426 1824 simulare,
1466 1794 1510 1816 zu
1549 1792 1603 1816 er·

859 1834 999 1874 ganzen
1037 1829 1087 1864 ist
1125 1830 1246 1864 irasci.
1298 1830 1371 1863 Der
1406 1828 1491 1863 Satz
1523 1831 1604 1863 ent-

859 1877 942 1911 halt
994 1876 1075 1911 eine
1126 1876 1373 1911 bedenkliche
1427 1875 1603 1919 Ausrede,

860 1923 957 1958 deun
988 1935 1096 1958 wenn
1127 1923 1192 1958 der
1223 1922 1349 1957 Affekt
1387 1923 1503 1957 selbst
1542 1934 1604 1956 un-

860 1970 1002 2005 sittlich
1041 1970 1108 2012 ist,
1148 1981 1188 2005 so
1220 1970 1269 2005 ist
1301 1970 1372 2004 den
1398 1969 1524 2004 Affekt
1561 1981 1604 2003 zu

858 2017 1044 2063 beucheln
1062 2017 1167 2051 nicht
1185 2017 1331 2052 minder
1350 2016 1601 2051 tadelnswert.

860 2064 1042 2108 Ubrigens
1079 2063 1168 2098 lassi:
1205 2064 1277 2099 Cic.
1318 2064 1389 2097 den
1421 2063 1603 2098 Antonius

861 2111 905 2146 de
944 2122 994 2146 or.
1033 2111 1068 2144 Π
1100 2115 1162 2154 45,
1198 2114 1264 2146 189
1304 2121 1432 2155 sagen:
1472 2121 1511 2144 er
1549 2110 1605 2143 sei

859 2159 991 2193 immer
1021 2169 1095 2193 von
1127 2158 1199 2192 den
1224 2157 1395 2192 Affekten
1427 2157 1504 2191 und
1536 2156 1603 2190 Ge-

858 2204 988 2239 fiihlen
1014 2204 1141 2239 erffillt
1164 2215 1352 2249 gewesen,
1386 2204 1446 2238 dje
1472 2214 1510 2238 er
1542 2203 1603 2238 bei

859 2252 997 2287 andern
1023 2251 1119 2286 habe
1147 2251 1338 2286 erwecken
1364 2250 1512 2286 wollen.

906 2320 986 2344 cum
1021 2311 1095 2344 iam
1121 2330 1166 2335 —
1191 2310 1392 2345 scribimus.
1443 2309 1492 2343 Es
1528 2320 1604 2344 war

859 2356 971 2400 Sine,
1005 2357 1063 2391 die
1097 2356 1224 2391 Reden
1256 2356 1326 2391 frei
1355 2356 1451 2391 nach
1484 2356 1603 2391 einem

858 2403 1031 2438 Entwurf
1053 2416 1095 2438 zu
1121 2403 1251 2438 halten
1284 2403 1359 2437 und
1391 2404 1467 2437 erst
1491 2403 1602 2437 nach-

858 2451 925 2485 her
951 2450 1157 2485 schriftlich
1187 2449 1476 2485 auszuarbeiten.

904 2509 1050 2553 Ecquid
1086 2509 1169 2543 hoc:
1215 2509 1336 2543 ‘Wird
1364 2508 1493 2543 keiner
1525 2508 1603 2543 dies

859 2556 1027 2591 ahnden?
1077 2555 1212 2590 Bindet
1249 2556 1342 2591 ihnf
1401 2555 1472 2589 Ein
1511 2555 1601 2590 Vers

859 2614 923 2637 aus
957 2603 1041 2638 dem
1073 2603 1207 2637 Atreus
1247 2602 1311 2637 des
1343 2602 1494 2646 Accius,
1534 2602 1602 2636 wie

859 2650 904 2684 de
925 2661 976 2685 or.
1002 2650 1054 2684 ΙΙΙ
1080 2653 1135 2692 58,
1163 2654 1230 2684 217
1258 2649 1364 2694 zeigt.
1415 2629 1514 2694 Uber
1533 2650 1601 2682 Ac-

857 2697 935 2731 cius
968 2709 993 2731 s.
1028 2708 1055 2730 z.
1083 2697 1097 2730 Ι
1125 2677 1186 2739 ’28,
1221 2700 1282 2739 68,
1314 2697 1405 2731 uber
1439 2688 1539 2738 ᾸεοΡ
1572 2705 1600 2727 Z.

857 2743 890 2777 Π
919 2748 974 2786 17,
1002 2747 1056 2779 39.

904 2791 1091 2833 libidinis,
1116 2790 1196 2824 hier
1223 2787 1528 2831 Zuchtlosigkeit.

908 2849 1191 2890 Themistoclem,
1219 2860 1243 2882 s.
1275 2851 1334 2889 19,
1361 2849 1405 2880 44
1426 2848 1449 2879 f.
