<?xml version="1.0" encoding="UTF-8"?>
<!DOCTYPE html PUBLIC "-//W3C//DTD XHTML 1.0 Transitional//EN"
    "http://www.w3.org/TR/xhtml1/DTD/xhtml1-transitional.dtd">
<html xmlns="http://www.w3.org/1999/xhtml" xml:lang="en" lang="en">
 <head>
  <title>
</title>
<meta http-equiv="Content-Type" content="text/html;charset=utf-8" />
  <meta name='ocr-system' content='tesseract 3.04.00' />
  <meta name='ocr-capabilities' content='ocr_page ocr_carea ocr_par ocr_line ocrx_word'/>
</head>
<body>
  <div class='ocr_page' id='page_1' title='image "./tusculanarumdisp01ciceuoft_0056.png"; bbox 0 0 1817 3103; ppageno 0'>
   <div class='ocr_carea' id='block_1_1' title="bbox 163 85 1203 128">
    <p class='ocr_par' dir='ltr' id='par_1_1' title="bbox 163 85 1203 128">
     <span class='ocr_line' id='line_1_1' title="bbox 163 85 1203 128; baseline -0.001 -6"><span class='ocrx_word' id='word_1_1' title='bbox 163 87 219 128; x_wconf 83' lang='grc'>26</span> <span class='ocrx_word' id='word_1_2' title='bbox 683 87 733 122; x_wconf 90' lang='grc' dir='ltr'>Μ.</span> <span class='ocrx_word' id='word_1_3' title='bbox 760 86 923 122; x_wconf 90' lang='lat' dir='ltr'>TULLII</span> <span class='ocrx_word' id='word_1_4' title='bbox 950 85 1203 121; x_wconf 86' lang='lat' dir='ltr'>CICERONIS</span> 
     </span>
    </p>
   </div>
   <div class='ocr_carea' id='block_1_2' title="bbox 103 197 1729 1245">
    <p class='ocr_par' dir='ltr' id='par_1_2' title="bbox 103 197 1727 775">
     <span class='ocr_line' id='line_1_2' title="bbox 162 197 1722 248; baseline -0.001 -13"><span class='ocrx_word' id='word_1_5' title='bbox 162 197 262 235; x_wconf 88' lang='lat' dir='ltr'>malo</span> <span class='ocrx_word' id='word_1_6' title='bbox 302 209 391 236; x_wconf 92' lang='lat' dir='ltr'>cum</span> <span class='ocrx_word' id='word_1_7' title='bbox 430 197 608 248; x_wconf 82' lang='lat' dir='ltr'>Platone,</span> <span class='ocrx_word' id='word_1_8' title='bbox 647 209 765 247; x_wconf 88' lang='lat' dir='ltr'>quem</span> <span class='ocrx_word' id='word_1_9' title='bbox 803 203 846 235; x_wconf 90' lang='lat' dir='ltr'>tu</span> <span class='ocrx_word' id='word_1_10' title='bbox 885 198 1021 246; x_wconf 87' lang='lat' dir='ltr'>quanti</span> <span class='ocrx_word' id='word_1_11' title='bbox 1059 197 1177 235; x_wconf 82' lang='lat' dir='ltr'>facias</span> <span class='ocrx_word' id='word_1_12' title='bbox 1215 198 1297 234; x_wconf 89' lang='lat' dir='ltr'>scio</span> <span class='ocrx_word' id='word_1_13' title='bbox 1341 203 1380 235; x_wconf 87' lang='lat' dir='ltr'>et</span> <span class='ocrx_word' id='word_1_14' title='bbox 1418 208 1536 247; x_wconf 85' lang='lat' dir='ltr'>quem</span> <span class='ocrx_word' id='word_1_15' title='bbox 1569 208 1616 234; x_wconf 83' lang='lat' dir='ltr'>ex</span> <span class='ocrx_word' id='word_1_16' title='bbox 1653 202 1722 235; x_wconf 89' lang='lat' dir='ltr'>tuo</span> 
     </span>
     <span class='ocr_line' id='line_1_3' title="bbox 103 254 1722 308; baseline -0.001 -14"><span class='ocrx_word' id='word_1_17' title='bbox 103 263 149 294; x_wconf 84' lang='lat'>40</span> <span class='ocrx_word' id='word_1_18' title='bbox 163 268 231 293; x_wconf 93' lang='lat' dir='ltr'>ore</span> <span class='ocrx_word' id='word_1_19' title='bbox 264 255 452 308; x_wconf 80' lang='lat' dir='ltr'>admiror,</span> <span class='ocrx_word' id='word_1_20' title='bbox 487 268 602 307; x_wconf 90' lang='lat' dir='ltr'>quam</span> <span class='ocrx_word' id='word_1_21' title='bbox 635 267 724 293; x_wconf 88' lang='lat' dir='ltr'>cum</span> <span class='ocrx_word' id='word_1_22' title='bbox 757 256 843 293; x_wconf 89' lang='lat' dir='ltr'>istis</span> <span class='ocrx_word' id='word_1_23' title='bbox 870 267 960 292; x_wconf 86' lang='lat' dir='ltr'>vera</span> <span class='ocrx_word' id='word_1_24' title='bbox 986 256 1145 293; x_wconf 87' lang='lat' dir='ltr'>sentire.</span> <span class='ocrx_word' id='word_1_25' title='bbox 1208 255 1263 293; x_wconf 83' lang='lat' dir='ltr'>M.</span> <span class='ocrx_word' id='word_1_26' title='bbox 1296 254 1419 294; x_wconf 80' lang='lat' dir='ltr'>Macte</span> <span class='ocrx_word' id='word_1_27' title='bbox 1452 254 1615 294; x_wconf 83' lang='lat' dir='ltr'>virtute!</span> <span class='ocrx_word' id='word_1_28' title='bbox 1651 267 1722 305; x_wconf 85' lang='lat' dir='ltr'>ego</span> 
     </span>
     <span class='ocr_line' id='line_1_4' title="bbox 164 313 1725 366; baseline -0.001 -13"><span class='ocrx_word' id='word_1_29' title='bbox 164 316 266 352; x_wconf 82' lang='lat' dir='ltr'>enim</span> <span class='ocrx_word' id='word_1_30' title='bbox 308 316 392 366; x_wconf 92' lang='lat' dir='ltr'>ipse</span> <span class='ocrx_word' id='word_1_31' title='bbox 435 327 525 353; x_wconf 87' lang='lat' dir='ltr'>cum</span> <span class='ocrx_word' id='word_1_32' title='bbox 567 313 704 352; x_wconf 87' lang='lat' dir='ltr'>eodem</span> <span class='ocrx_word' id='word_1_33' title='bbox 745 315 821 351; x_wconf 89' lang='lat' dir='ltr'>isto</span> <span class='ocrx_word' id='word_1_34' title='bbox 864 325 942 351; x_wconf 89' lang='lat' dir='ltr'>non</span> <span class='ocrx_word' id='word_1_35' title='bbox 984 314 1129 351; x_wconf 86' lang='lat' dir='ltr'>invitus</span> <span class='ocrx_word' id='word_1_36' title='bbox 1173 315 1397 351; x_wconf 84' lang='lat' dir='ltr'>erraverim.</span> <span class='ocrx_word' id='word_1_37' title='bbox 1459 313 1561 352; x_wconf 92' lang='lat' dir='ltr'>Num</span> <span class='ocrx_word' id='word_1_38' title='bbox 1605 315 1725 365; x_wconf 82' lang='lat' dir='ltr'>igitur</span> 
     </span>
     <span class='ocr_line' id='line_1_5' title="bbox 163 371 1725 424; baseline -0.001 -12"><span class='ocrx_word' id='word_1_39' title='bbox 163 371 417 412; x_wconf 78' lang='lat' dir='ltr'>dubitamus?</span> <span class='ocrx_word' id='word_1_40' title='bbox 450 386 497 411; x_wconf 91' lang='lat' dir='ltr'>an</span> <span class='ocrx_word' id='word_1_41' title='bbox 531 374 633 410; x_wconf 89' lang='lat' dir='ltr'>sicut</span> <span class='ocrx_word' id='word_1_42' title='bbox 664 371 851 423; x_wconf 79' lang='lat' dir='ltr'>pleraque</span> <span class='ocrx_word' id='word_1_43' title='bbox 884 393 940 398; x_wconf 88' lang='lat'><strong>—</strong></span> <span class='ocrx_word' id='word_1_44' title='bbox 974 383 1210 422; x_wconf 85' lang='lat' dir='ltr'>quamquam</span> <span class='ocrx_word' id='word_1_45' title='bbox 1245 371 1319 409; x_wconf 93' lang='lat' dir='ltr'>hoc</span> <span class='ocrx_word' id='word_1_46' title='bbox 1353 371 1512 422; x_wconf 90' lang='lat' dir='ltr'>quidem</span> <span class='ocrx_word' id='word_1_47' title='bbox 1544 374 1725 424; x_wconf 68' lang='lat' dir='ltr'>minime-33</span> 
     </span>
     <span class='ocr_line' id='line_1_6' title="bbox 143 428 1724 484; baseline -0.001 -14"><span class='ocrx_word' id='word_1_48' title='bbox 143 432 403 484; x_wconf 35' lang='lat' dir='ltr'>,persuadent</span> <span class='ocrx_word' id='word_1_49' title='bbox 442 433 545 469; x_wconf 89' lang='lat' dir='ltr'>enim</span> <span class='ocrx_word' id='word_1_50' title='bbox 586 431 867 483; x_wconf 79' lang='lat' dir='ltr'>mathematici,</span> <span class='ocrx_word' id='word_1_51' title='bbox 905 436 1052 469; x_wconf 84' lang='lat' dir='ltr'>terram</span> <span class='ocrx_word' id='word_1_52' title='bbox 1090 432 1130 468; x_wconf 91' lang='lat' dir='ltr'>in</span> <span class='ocrx_word' id='word_1_53' title='bbox 1169 429 1297 468; x_wconf 90' lang='lat' dir='ltr'>medio</span> <span class='ocrx_word' id='word_1_54' title='bbox 1337 428 1482 468; x_wconf 85' lang='lat' dir='ltr'>mundo</span> <span class='ocrx_word' id='word_1_55' title='bbox 1522 432 1637 469; x_wconf 88' lang='lat' dir='ltr'>sitam</span> <span class='ocrx_word' id='word_1_56' title='bbox 1677 431 1724 469; x_wconf 91' lang='lat' dir='ltr'>ad</span> 
     </span>
     <span class='ocr_line' id='line_1_7' title="bbox 108 486 1726 556; baseline 0 -28"><span class='ocrx_word' id='word_1_57' title='bbox 108 494 109 497; x_wconf 76' lang='grc'>’</span> <span class='ocrx_word' id='word_1_58' title='bbox 162 492 337 528; x_wconf 89' lang='lat' dir='ltr'>universi</span> <span class='ocrx_word' id='word_1_59' title='bbox 369 489 466 528; x_wconf 87' lang='lat' dir='ltr'>caeli</span> <span class='ocrx_word' id='word_1_60' title='bbox 499 489 733 541; x_wconf 79' lang='lat' dir='ltr'>conplexum</span> <span class='ocrx_word' id='word_1_61' title='bbox 767 491 878 540; x_wconf 85' lang='lat' dir='ltr'>quasi</span> <span class='ocrx_word' id='word_1_62' title='bbox 912 490 1049 540; x_wconf 89' lang='lat' dir='ltr'>puncti</span> <span class='ocrx_word' id='word_1_63' title='bbox 1088 490 1211 527; x_wconf 88' lang='lat' dir='ltr'>instar</span> <span class='ocrx_word' id='word_1_64' title='bbox 1252 488 1449 541; x_wconf 84' lang='lat' dir='ltr'>obtinere,</span> <span class='ocrx_word' id='word_1_65' title='bbox 1487 487 1598 556; x_wconf 88' lang='lat' dir='ltr'>quod</span> <span class='ocrx_word' id='word_1_66' title='bbox 1630 486 1726 528; x_wconf 79' lang='grc' dir='ltr'><strong><em>κέν-</em></strong></span> 
     </span>
     <span class='ocr_line' id='line_1_8' title="bbox 162 545 1724 614; baseline 0 -28"><span class='ocrx_word' id='word_1_67' title='bbox 162 561 270 599; x_wconf 79' lang='grc' dir='ltr'><strong><em>τρον</em></strong></span> <span class='ocrx_word' id='word_1_68' title='bbox 301 548 356 586; x_wconf 92' lang='lat' dir='ltr'>illi</span> <span class='ocrx_word' id='word_1_69' title='bbox 388 545 556 586; x_wconf 79' lang='lat' dir='ltr'>vocant‘.&gt;</span> <span class='ocrx_word' id='word_1_70' title='bbox 589 560 675 586; x_wconf 90' lang='lat' dir='ltr'>eam</span> <span class='ocrx_word' id='word_1_71' title='bbox 707 560 825 614; x_wconf 81' lang='lat' dir='ltr'>porro</span> <span class='ocrx_word' id='word_1_72' title='bbox 859 553 1038 586; x_wconf 86' lang='lat' dir='ltr'>naturam</span> <span class='ocrx_word' id='word_1_73' title='bbox 1069 560 1155 586; x_wconf 87' lang='lat' dir='ltr'>esse</span> <span class='ocrx_word' id='word_1_74' title='bbox 1187 553 1375 598; x_wconf 89' lang='lat' dir='ltr'>quattuor</span> <span class='ocrx_word' id='word_1_75' title='bbox 1401 549 1532 586; x_wconf 89' lang='lat' dir='ltr'>omnia</span> <span class='ocrx_word' id='word_1_76' title='bbox 1563 549 1724 600; x_wconf 88' lang='lat' dir='ltr'>gignen-</span> 
     </span>
     <span class='ocr_line' id='line_1_9' title="bbox 163 605 1724 659; baseline 0 -14"><span class='ocrx_word' id='word_1_77' title='bbox 163 608 261 645; x_wconf 87' lang='lat' dir='ltr'>tium</span> <span class='ocrx_word' id='word_1_78' title='bbox 295 613 616 658; x_wconf 78' lang='lat' dir='ltr'>001·p01um‚ut‚</span> <span class='ocrx_word' id='word_1_79' title='bbox 650 608 763 657; x_wconf 85' lang='lat' dir='ltr'>quasi</span> <span class='ocrx_word' id='word_1_80' title='bbox 794 607 937 657; x_wconf 79' lang='lat' dir='ltr'>paltita</span> <span class='ocrx_word' id='word_1_81' title='bbox 968 605 1136 659; x_wconf 81' lang='lat' dir='ltr'>habeant</span> <span class='ocrx_word' id='word_1_82' title='bbox 1177 608 1282 645; x_wconf 75' lang='lat' dir='ltr'>intel</span> <span class='ocrx_word' id='word_1_83' title='bbox 1320 618 1361 644; x_wconf 90' lang='lat' dir='ltr'>se</span> <span class='ocrx_word' id='word_1_84' title='bbox 1401 618 1444 645; x_wconf 90' lang='lat' dir='ltr'>ac</span> <span class='ocrx_word' id='word_1_85' title='bbox 1484 606 1605 645; x_wconf 86' lang='lat' dir='ltr'>divisa</span> <span class='ocrx_word' id='word_1_86' title='bbox 1644 619 1724 645; x_wconf 88' lang='lat' dir='ltr'>mo·</span> 
     </span>
     <span class='ocr_line' id='line_1_10' title="bbox 113 664 1727 717; baseline 0.001 -15"><span class='ocrx_word' id='word_1_87' title='bbox 113 672 311 717; x_wconf 38' lang='lat' dir='ltr'>§.mentm</span> <span class='ocrx_word' id='word_1_88' title='bbox 357 672 515 704; x_wconf 87' lang='lat' dir='ltr'>terrena</span> <span class='ocrx_word' id='word_1_89' title='bbox 554 671 593 704; x_wconf 89' lang='lat' dir='ltr'>et</span> <span class='ocrx_word' id='word_1_90' title='bbox 631 665 761 704; x_wconf 86' lang='lat' dir='ltr'>umida</span> <span class='ocrx_word' id='word_1_91' title='bbox 801 670 963 716; x_wconf 89' lang='lat' dir='ltr'>suopte</span> <span class='ocrx_word' id='word_1_92' title='bbox 981 671 1079 717; x_wconf 80' lang='lat' dir='ltr'>nutu</span> <span class='ocrx_word' id='word_1_93' title='bbox 1125 673 1163 703; x_wconf 88' lang='lat' dir='ltr'>et</span> <span class='ocrx_word' id='word_1_94' title='bbox 1204 677 1275 703; x_wconf 92' lang='lat' dir='ltr'>suo</span> <span class='ocrx_word' id='word_1_95' title='bbox 1315 664 1488 716; x_wconf 83' lang='lat' dir='ltr'>pondere</span> <span class='ocrx_word' id='word_1_96' title='bbox 1529 665 1575 703; x_wconf 90' lang='lat' dir='ltr'>ad</span> <span class='ocrx_word' id='word_1_97' title='bbox 1611 677 1727 717; x_wconf 85' lang='lat' dir='ltr'>pares</span> 
     </span>
     <span class='ocr_line' id='line_1_11' title="bbox 162 723 1725 776; baseline 0 -14"><span class='ocrx_word' id='word_1_98' title='bbox 162 724 324 775; x_wconf 83' lang='lat' dir='ltr'>angulos</span> <span class='ocrx_word' id='word_1_99' title='bbox 357 726 396 762; x_wconf 89' lang='lat' dir='ltr'>in</span> <span class='ocrx_word' id='word_1_100' title='bbox 430 731 576 763; x_wconf 75' lang='lat' dir='ltr'>ten-am</span> <span class='ocrx_word' id='word_1_101' title='bbox 610 732 649 763; x_wconf 90' lang='lat' dir='ltr'>et</span> <span class='ocrx_word' id='word_1_102' title='bbox 680 726 720 762; x_wconf 91' lang='lat' dir='ltr'>in</span> <span class='ocrx_word' id='word_1_103' title='bbox 753 736 860 762; x_wconf 88' lang='lat' dir='ltr'>mare</span> <span class='ocrx_word' id='word_1_104' title='bbox 893 723 1298 776; x_wconf 77' lang='lat' dir='ltr'>ferantui‚1eliquae</span> <span class='ocrx_word' id='word_1_105' title='bbox 1332 723 1430 762; x_wconf 86' lang='lat' dir='ltr'>duae</span> <span class='ocrx_word' id='word_1_106' title='bbox 1463 729 1614 775; x_wconf 83' lang='lat' dir='ltr'>partes,</span> <span class='ocrx_word' id='word_1_107' title='bbox 1647 736 1725 762; x_wconf 88' lang='lat' dir='ltr'>una</span> 
     </span>
    </p>

    <p class='ocr_par' dir='ltr' id='par_1_3' title="bbox 132 782 1728 951">
     <span class='ocr_line' id='line_1_12' title="bbox 132 782 1728 835; baseline -0.001 -14"><span class='ocrx_word' id='word_1_108' title='bbox 132 796 135 799; x_wconf 61' lang='grc'>’</span> <span class='ocrx_word' id='word_1_109' title='bbox 162 784 293 834; x_wconf 82' lang='lat' dir='ltr'>ignea,</span> <span class='ocrx_word' id='word_1_110' title='bbox 326 783 446 822; x_wconf 85' lang='lat' dir='ltr'>altera</span> <span class='ocrx_word' id='word_1_111' title='bbox 479 783 672 835; x_wconf 85' lang='lat' dir='ltr'>animalis,</span> <span class='ocrx_word' id='word_1_112' title='bbox 705 789 749 821; x_wconf 89' lang='lat' dir='ltr'>ut</span> <span class='ocrx_word' id='word_1_113' title='bbox 781 783 867 821; x_wconf 87' lang='lat' dir='ltr'>illae</span> <span class='ocrx_word' id='word_1_114' title='bbox 898 784 1125 833; x_wconf 85' lang='lat' dir='ltr'>superiores</span> <span class='ocrx_word' id='word_1_115' title='bbox 1157 784 1197 820; x_wconf 88' lang='lat' dir='ltr'>in</span> <span class='ocrx_word' id='word_1_116' title='bbox 1230 782 1404 821; x_wconf 89' lang='lat' dir='ltr'>medium</span> <span class='ocrx_word' id='word_1_117' title='bbox 1431 782 1562 821; x_wconf 88' lang='lat' dir='ltr'>locum</span> <span class='ocrx_word' id='word_1_118' title='bbox 1590 782 1728 821; x_wconf 90' lang='lat' dir='ltr'>mundi</span> 
     </span>
     <span class='ocr_line' id='line_1_13' title="bbox 162 841 1726 893; baseline 0.001 -14"><span class='ocrx_word' id='word_1_119' title='bbox 162 843 349 892; x_wconf 86' lang='lat' dir='ltr'>gravitate</span> <span class='ocrx_word' id='word_1_120' title='bbox 378 842 556 881; x_wconf 85' lang='lat' dir='ltr'>ferantur</span> <span class='ocrx_word' id='word_1_121' title='bbox 588 848 627 880; x_wconf 88' lang='lat' dir='ltr'>et</span> <span class='ocrx_word' id='word_1_122' title='bbox 659 841 851 893; x_wconf 82' lang='lat' dir='ltr'>pondere,</span> <span class='ocrx_word' id='word_1_123' title='bbox 885 843 941 879; x_wconf 92' lang='lat' dir='ltr'>sic</span> <span class='ocrx_word' id='word_1_124' title='bbox 973 841 1044 879; x_wconf 90' lang='lat' dir='ltr'>hae</span> <span class='ocrx_word' id='word_1_125' title='bbox 1078 853 1237 893; x_wconf 83' lang='lat' dir='ltr'>rursum</span> <span class='ocrx_word' id='word_1_126' title='bbox 1267 843 1388 879; x_wconf 85' lang='lat' dir='ltr'>rectis</span> <span class='ocrx_word' id='word_1_127' title='bbox 1420 841 1533 879; x_wconf 90' lang='lat' dir='ltr'>lineis</span> <span class='ocrx_word' id='word_1_128' title='bbox 1567 843 1608 880; x_wconf 90' lang='lat' dir='ltr'>in</span> <span class='ocrx_word' id='word_1_129' title='bbox 1641 853 1726 880; x_wconf 87' lang='lat' dir='ltr'>cae-</span> 
     </span>
     <span class='ocr_line' id='line_1_14' title="bbox 162 899 1721 951; baseline 0 -13"><span class='ocrx_word' id='word_1_130' title='bbox 162 900 301 939; x_wconf 83' lang='lat' dir='ltr'>lestem</span> <span class='ocrx_word' id='word_1_131' title='bbox 334 900 464 939; x_wconf 89' lang='lat' dir='ltr'>locum</span> <span class='ocrx_word' id='word_1_132' title='bbox 497 900 721 951; x_wconf 84' lang='lat' dir='ltr'>subvolent,</span> <span class='ocrx_word' id='word_1_133' title='bbox 761 902 841 938; x_wconf 89' lang='lat' dir='ltr'>sive</span> <span class='ocrx_word' id='word_1_134' title='bbox 874 902 957 951; x_wconf 88' lang='lat' dir='ltr'>ipsa</span> <span class='ocrx_word' id='word_1_135' title='bbox 990 905 1129 938; x_wconf 85' lang='lat' dir='ltr'>natura</span> <span class='ocrx_word' id='word_1_136' title='bbox 1161 901 1367 950; x_wconf 85' lang='lat' dir='ltr'>superiora</span> <span class='ocrx_word' id='word_1_137' title='bbox 1398 899 1607 951; x_wconf 82' lang='lat' dir='ltr'>adpetente</span> <span class='ocrx_word' id='word_1_138' title='bbox 1640 901 1721 938; x_wconf 86' lang='lat' dir='ltr'>sive</span> 
     </span>
    </p>

    <p class='ocr_par' dir='ltr' id='par_1_4' title="bbox 104 956 1729 1245">
     <span class='ocr_line' id='line_1_15' title="bbox 129 956 1724 1011; baseline -0.001 -12"><span class='ocrx_word' id='word_1_139' title='bbox 129 998 133 1000; x_wconf 71' lang='grc'>,</span> <span class='ocrx_word' id='word_1_140' title='bbox 163 959 267 1009; x_wconf 90' lang='lat' dir='ltr'>quod</span> <span class='ocrx_word' id='word_1_141' title='bbox 294 972 314 996; x_wconf 89' lang='lat' dir='ltr'>a</span> <span class='ocrx_word' id='word_1_142' title='bbox 340 959 586 1010; x_wconf 84' lang='lat' dir='ltr'>gravioribus</span> <span class='ocrx_word' id='word_1_143' title='bbox 613 958 757 997; x_wconf 86' lang='lat' dir='ltr'>leviora</span> <span class='ocrx_word' id='word_1_144' title='bbox 784 964 923 996; x_wconf 85' lang='lat' dir='ltr'>natura</span> <span class='ocrx_word' id='word_1_145' title='bbox 950 956 1220 1009; x_wconf 77' lang='lat' dir='ltr'>repellantur?</span> <span class='ocrx_word' id='word_1_146' title='bbox 1277 958 1385 1003; x_wconf 89' lang='lat' dir='ltr'>Quae</span> <span class='ocrx_word' id='word_1_147' title='bbox 1412 971 1502 997; x_wconf 89' lang='lat' dir='ltr'>cum</span> <span class='ocrx_word' id='word_1_148' title='bbox 1529 964 1724 1011; x_wconf 82' lang='lat' dir='ltr'>constent,</span> 
     </span>
     <span class='ocr_line' id='line_1_16' title="bbox 164 1017 1727 1069; baseline 0.001 -14"><span class='ocrx_word' id='word_1_149' title='bbox 164 1019 421 1068; x_wconf 86' lang='lat' dir='ltr'>perspicuum</span> <span class='ocrx_word' id='word_1_150' title='bbox 461 1017 578 1056; x_wconf 91' lang='lat' dir='ltr'>debet</span> <span class='ocrx_word' id='word_1_151' title='bbox 616 1030 702 1055; x_wconf 88' lang='lat' dir='ltr'>esse</span> <span class='ocrx_word' id='word_1_152' title='bbox 742 1019 909 1068; x_wconf 83' lang='lat' dir='ltr'>animos,</span> <span class='ocrx_word' id='word_1_153' title='bbox 954 1029 1044 1055; x_wconf 85' lang='lat' dir='ltr'>cum</span> <span class='ocrx_word' id='word_1_154' title='bbox 1084 1029 1103 1055; x_wconf 95' lang='lat' dir='ltr'>e</span> <span class='ocrx_word' id='word_1_155' title='bbox 1143 1029 1309 1068; x_wconf 86' lang='lat' dir='ltr'>corpore</span> <span class='ocrx_word' id='word_1_156' title='bbox 1349 1019 1609 1069; x_wconf 81' lang='lat' dir='ltr'>excesserint,</span> <span class='ocrx_word' id='word_1_157' title='bbox 1647 1019 1727 1056; x_wconf 88' lang='lat' dir='ltr'>sive</span> 
     </span>
     <span class='ocr_line' id='line_1_17' title="bbox 104 1075 1729 1128; baseline 0 -14"><span class='ocrx_word' id='word_1_158' title='bbox 104 1084 147 1115; x_wconf 84' lang='grc'>41</span> <span class='ocrx_word' id='word_1_159' title='bbox 164 1075 219 1114; x_wconf 91' lang='lat' dir='ltr'>illi</span> <span class='ocrx_word' id='word_1_160' title='bbox 252 1078 330 1114; x_wconf 89' lang='lat' dir='ltr'>sint</span> <span class='ocrx_word' id='word_1_161' title='bbox 362 1076 565 1128; x_wconf 79' lang='lat' dir='ltr'>animales,</span> <span class='ocrx_word' id='word_1_162' title='bbox 598 1076 636 1114; x_wconf 88' lang='lat' dir='ltr'>id</span> <span class='ocrx_word' id='word_1_163' title='bbox 671 1082 730 1114; x_wconf 91' lang='lat' dir='ltr'>est</span> <span class='ocrx_word' id='word_1_164' title='bbox 763 1075 988 1127; x_wconf 84' lang='lat' dir='ltr'>spirabiles,</span> <span class='ocrx_word' id='word_1_165' title='bbox 1031 1076 1110 1114; x_wconf 90' lang='lat' dir='ltr'>sive</span> <span class='ocrx_word' id='word_1_166' title='bbox 1149 1077 1272 1127; x_wconf 83' lang='lat' dir='ltr'>ignei,</span> <span class='ocrx_word' id='word_1_167' title='bbox 1313 1075 1479 1114; x_wconf 88' lang='lat' dir='ltr'>sublime</span> <span class='ocrx_word' id='word_1_168' title='bbox 1517 1076 1624 1114; x_wconf 87' lang='lat' dir='ltr'>ferri.</span> <span class='ocrx_word' id='word_1_169' title='bbox 1688 1075 1729 1114; x_wconf 92' lang='lat' dir='ltr'>Si</span> 
     </span>
     <span class='ocr_line' id='line_1_18' title="bbox 162 1133 1727 1186; baseline 0.001 -15"><span class='ocrx_word' id='word_1_170' title='bbox 162 1146 255 1172; x_wconf 88' lang='lat' dir='ltr'>vero</span> <span class='ocrx_word' id='word_1_171' title='bbox 289 1141 355 1173; x_wconf 87' lang='lat' dir='ltr'>aut</span> <span class='ocrx_word' id='word_1_172' title='bbox 387 1147 577 1174; x_wconf 86' lang='lat' dir='ltr'>numerus</span> <span class='ocrx_word' id='word_1_173' title='bbox 611 1134 769 1186; x_wconf 90' lang='lat' dir='ltr'>quidam</span> <span class='ocrx_word' id='word_1_174' title='bbox 802 1140 863 1173; x_wconf 88' lang='lat' dir='ltr'>est</span> <span class='ocrx_word' id='word_1_175' title='bbox 894 1136 1066 1186; x_wconf 80' lang='lat' dir='ltr'>animus,</span> <span class='ocrx_word' id='word_1_176' title='bbox 1099 1134 1203 1185; x_wconf 88' lang='lat' dir='ltr'>quod</span> <span class='ocrx_word' id='word_1_177' title='bbox 1236 1133 1434 1173; x_wconf 90' lang='lat' dir='ltr'>subtiliter</span> <span class='ocrx_word' id='word_1_178' title='bbox 1461 1136 1582 1185; x_wconf 85' lang='lat' dir='ltr'>magis</span> <span class='ocrx_word' id='word_1_179' title='bbox 1609 1147 1727 1186; x_wconf 89' lang='lat' dir='ltr'>quam</span> 
     </span>
     <span class='ocr_line' id='line_1_19' title="bbox 163 1193 1728 1245; baseline 0 -13"><span class='ocrx_word' id='word_1_180' title='bbox 163 1193 333 1232; x_wconf 82' lang='lat' dir='ltr'>dilucide</span> <span class='ocrx_word' id='word_1_181' title='bbox 376 1194 538 1245; x_wconf 79' lang='lat' dir='ltr'>dicitur,</span> <span class='ocrx_word' id='word_1_182' title='bbox 582 1200 648 1232; x_wconf 90' lang='lat' dir='ltr'>aut</span> <span class='ocrx_word' id='word_1_183' title='bbox 689 1195 824 1244; x_wconf 88' lang='lat' dir='ltr'>quinta</span> <span class='ocrx_word' id='word_1_184' title='bbox 867 1193 928 1231; x_wconf 91' lang='lat' dir='ltr'>illa</span> <span class='ocrx_word' id='word_1_185' title='bbox 971 1205 1049 1231; x_wconf 87' lang='lat' dir='ltr'>non</span> <span class='ocrx_word' id='word_1_186' title='bbox 1092 1194 1289 1231; x_wconf 87' lang='lat' dir='ltr'>nominata</span> <span class='ocrx_word' id='word_1_187' title='bbox 1332 1195 1454 1244; x_wconf 83' lang='lat' dir='ltr'>magis</span> <span class='ocrx_word' id='word_1_188' title='bbox 1492 1205 1610 1244; x_wconf 85' lang='lat' dir='ltr'>quam</span> <span class='ocrx_word' id='word_1_189' title='bbox 1649 1206 1728 1232; x_wconf 89' lang='lat' dir='ltr'>non</span> 
     </span>
    </p>
   </div>
   <div class='ocr_carea' id='block_1_3' title="bbox 162 1294 911 1424">
    <p class='ocr_par' dir='ltr' id='par_1_5' title="bbox 162 1294 911 1424">
     <span class='ocr_line' id='line_1_20' title="bbox 210 1294 909 1338; baseline -0.001 -9"><span class='ocrx_word' id='word_1_190' title='bbox 210 1306 254 1329; x_wconf 75' lang='lat' dir='ltr'>ea:</span> <span class='ocrx_word' id='word_1_191' title='bbox 280 1298 341 1330; x_wconf 78' lang='lat' dir='ltr'>tuo</span> <span class='ocrx_word' id='word_1_192' title='bbox 367 1306 443 1338; x_wconf 85' lang='lat' dir='ltr'>ore,</span> <span class='ocrx_word' id='word_1_193' title='bbox 478 1295 589 1329; x_wconf 75' lang='lat' dir='ltr'>‘nach</span> <span class='ocrx_word' id='word_1_194' title='bbox 621 1295 754 1330; x_wconf 86' lang='lat' dir='ltr'>deinen</span> <span class='ocrx_word' id='word_1_195' title='bbox 779 1294 909 1329; x_wconf 87' lang='lat' dir='ltr'>Ausse-</span> 
     </span>
     <span class='ocr_line' id='line_1_21' title="bbox 162 1342 910 1386; baseline 0 -10"><span class='ocrx_word' id='word_1_196' title='bbox 162 1342 333 1386; x_wconf 86' lang='lat' dir='ltr'>rungen’.</span> <span class='ocrx_word' id='word_1_197' title='bbox 387 1342 420 1377; x_wconf 81' lang='lat' dir='ltr'>S.</span> <span class='ocrx_word' id='word_1_198' title='bbox 448 1342 544 1377; x_wconf 86' lang='lat' dir='ltr'>Einl.</span> <span class='ocrx_word' id='word_1_199' title='bbox 566 1345 585 1383; x_wconf 65' lang='grc' dir='ltr'>ξ</span> <span class='ocrx_word' id='word_1_200' title='bbox 607 1346 650 1376; x_wconf 90' lang='grc'>23</span> <span class='ocrx_word' id='word_1_201' title='bbox 677 1354 711 1377; x_wconf 88' lang='lat' dir='ltr'>u.</span> <span class='ocrx_word' id='word_1_202' title='bbox 740 1343 755 1376; x_wconf 93' lang='lat' dir='ltr'>I</span> <span class='ocrx_word' id='word_1_203' title='bbox 776 1346 832 1385; x_wconf 92' lang='grc'>21,</span> <span class='ocrx_word' id='word_1_204' title='bbox 853 1346 910 1376; x_wconf 86' lang='grc'>49.</span> 
     </span>
     <span class='ocr_line' id='line_1_22' title="bbox 210 1389 911 1424; baseline -0.001 0"><span class='ocrx_word' id='word_1_205' title='bbox 210 1393 266 1424; x_wconf 85' lang='grc'>40.</span> <span class='ocrx_word' id='word_1_206' title='bbox 294 1390 411 1424; x_wconf 84' lang='lat' dir='ltr'>eodem</span> <span class='ocrx_word' id='word_1_207' title='bbox 436 1390 524 1424; x_wconf 78' lang='lat' dir='ltr'>isto:</span> <span class='ocrx_word' id='word_1_208' title='bbox 563 1389 622 1424; x_wconf 85' lang='lat' dir='ltr'>die</span> <span class='ocrx_word' id='word_1_209' title='bbox 648 1389 754 1424; x_wconf 83' lang='lat' dir='ltr'>Hdss.</span> <span class='ocrx_word' id='word_1_210' title='bbox 789 1389 911 1424; x_wconf 85' lang='lat' dir='ltr'>haben</span> 
     </span>
    </p>
   </div>
   <div class='ocr_carea' id='block_1_4' title="bbox 983 1292 1731 1443">
    <p class='ocr_par' dir='ltr' id='par_1_6' title="bbox 983 1292 1731 1433">
     <span class='ocr_line' id='line_1_23' title="bbox 984 1292 1731 1352; baseline 0.001 -24"><span class='ocrx_word' id='word_1_211' title='bbox 984 1306 1093 1339; x_wconf 86' lang='grc' dir='ltr'><strong><em>μησιν</em></strong></span> <span class='ocrx_word' id='word_1_212' title='bbox 1129 1295 1203 1328; x_wconf 84' lang='grc' dir='ltr'>ώὸε</span> <span class='ocrx_word' id='word_1_213' title='bbox 1245 1292 1361 1338; x_wconf 70' lang='grc' dir='ltr'>ἔχειν,</span> <span class='ocrx_word' id='word_1_214' title='bbox 1401 1293 1517 1339; x_wconf 82' lang='grc' dir='ltr'><em>μέσην</em></span> <span class='ocrx_word' id='word_1_215' title='bbox 1553 1292 1621 1339; x_wconf 82' lang='grc' dir='ltr'>τὴν</span> <span class='ocrx_word' id='word_1_216' title='bbox 1646 1295 1731 1352; x_wconf 78' lang='grc' dir='ltr'>γῆν</span> 
     </span>
     <span class='ocr_line' id='line_1_24' title="bbox 983 1338 1730 1401; baseline 0.003 -26"><span class='ocrx_word' id='word_1_217' title='bbox 983 1341 1139 1383; x_wconf 81' lang='grc' dir='ltr'><strong><em>κέντρου</em></strong></span> <span class='ocrx_word' id='word_1_218' title='bbox 1165 1338 1276 1385; x_wconf 77' lang='grc' dir='ltr'><strong><em>λόγον</em></strong></span> <span class='ocrx_word' id='word_1_219' title='bbox 1305 1339 1532 1401; x_wconf 82' lang='grc' dir='ltr'><strong><em>ἐπέχουσαν,</em></strong></span> <span class='ocrx_word' id='word_1_220' title='bbox 1562 1338 1655 1397; x_wconf 78' lang='grc' dir='ltr'><strong>μεθ’</strong></span> <span class='ocrx_word' id='word_1_221' title='bbox 1675 1339 1730 1398; x_wconf 85' lang='grc' dir='ltr'>ἢν</span> 
     </span>
     <span class='ocr_line' id='line_1_25' title="bbox 983 1384 1729 1443; baseline 0.003 -21"><span class='ocrx_word' id='word_1_222' title='bbox 983 1386 1024 1423; x_wconf 85' lang='grc' dir='ltr'>τὸ</span> <span class='ocrx_word' id='word_1_223' title='bbox 1052 1384 1154 1432; x_wconf 68' lang='grc' dir='ltr'><em>ὕδωρ</em></span> <span class='ocrx_word' id='word_1_224' title='bbox 1176 1387 1431 1432; x_wconf 79' lang='grc' dir='ltr'>σφαιροειδές,</span> <span class='ocrx_word' id='word_1_225' title='bbox 1454 1387 1546 1443; x_wconf 77' lang='grc' dir='ltr'><strong><em>ἔχον</em></strong></span> <span class='ocrx_word' id='word_1_226' title='bbox 1571 1387 1613 1424; x_wconf 82' lang='grc' dir='ltr'>τὸ</span> <span class='ocrx_word' id='word_1_227' title='bbox 1635 1386 1729 1424; x_wconf 78' lang='grc' dir='ltr'><strong><em>αὐτὸ</em></strong></span> 
     </span>
    </p>
   </div>
   <div class='ocr_carea' id='block_1_5' title="bbox 163 1432 1729 1493">
    <p class='ocr_par' dir='ltr' id='par_1_7' title="bbox 163 1432 1729 1493">
     <span class='ocr_line' id='line_1_26' title="bbox 163 1432 1729 1493; baseline 0 -22"><span class='ocrx_word' id='word_1_228' title='bbox 163 1438 281 1472; x_wconf 84' lang='lat' dir='ltr'>eodem</span> <span class='ocrx_word' id='word_1_229' title='bbox 318 1437 415 1480; x_wconf 71' lang='lat' dir='ltr'>ipso,</span> <span class='ocrx_word' id='word_1_230' title='bbox 455 1437 544 1471; x_wconf 84' lang='lat' dir='ltr'>aber</span> <span class='ocrx_word' id='word_1_231' title='bbox 578 1436 698 1471; x_wconf 86' lang='lat' dir='ltr'>neben</span> <span class='ocrx_word' id='word_1_232' title='bbox 732 1437 826 1471; x_wconf 81' lang='lat' dir='ltr'>idem</span> <span class='ocrx_word' id='word_1_233' title='bbox 861 1436 912 1470; x_wconf 75' lang='lat' dir='ltr'>ist</span> <span class='ocrx_word' id='word_1_234' title='bbox 983 1434 1138 1493; x_wconf 80' lang='grc' dir='ltr'><strong><em>κέντρον</em></strong></span> <span class='ocrx_word' id='word_1_235' title='bbox 1163 1435 1206 1481; x_wconf 85' lang='grc' dir='ltr'>τῇ</span> <span class='ocrx_word' id='word_1_236' title='bbox 1234 1436 1281 1481; x_wconf 80' lang='grc' dir='ltr'>γῇ</span> <span class='ocrx_word' id='word_1_237' title='bbox 1308 1456 1353 1460; x_wconf 91' lang='grc'><strong>-</strong></span> <span class='ocrx_word' id='word_1_238' title='bbox 1374 1433 1466 1480; x_wconf 79' lang='grc' dir='ltr'><em>μετὰ</em></span> <span class='ocrx_word' id='word_1_239' title='bbox 1493 1434 1534 1471; x_wconf 84' lang='grc' dir='ltr'>τὸ</span> <span class='ocrx_word' id='word_1_240' title='bbox 1562 1432 1664 1481; x_wconf 79' lang='grc' dir='ltr'><em>ὕδωρ</em></span> <span class='ocrx_word' id='word_1_241' title='bbox 1691 1433 1729 1471; x_wconf 85' lang='grc' dir='ltr'>δ’</span> 
     </span>
    </p>
   </div>
   <div class='ocr_carea' id='block_1_6' title="bbox 160 1482 914 2855">
    <p class='ocr_par' dir='ltr' id='par_1_8' title="bbox 162 1482 912 1755">
     <span class='ocr_line' id='line_1_27' title="bbox 162 1482 910 1528; baseline -0.004 -9"><span class='ocrx_word' id='word_1_242' title='bbox 162 1485 239 1528; x_wconf 79' lang='lat' dir='ltr'>ipse</span> <span class='ocrx_word' id='word_1_243' title='bbox 265 1483 324 1518; x_wconf 87' lang='lat' dir='ltr'>ein</span> <span class='ocrx_word' id='word_1_244' title='bbox 350 1486 530 1518; x_wconf 76' lang='lat' dir='ltr'>unm&#39;itzer</span> <span class='ocrx_word' id='word_1_245' title='bbox 556 1483 702 1526; x_wconf 58' lang='lat' dir='ltr'>zum,</span> <span class='ocrx_word' id='word_1_246' title='bbox 741 1483 806 1517; x_wconf 90' lang='lat' dir='ltr'>der</span> <span class='ocrx_word' id='word_1_247' title='bbox 832 1482 910 1518; x_wconf 82' lang='lat' dir='ltr'>sich</span> 
     </span>
     <span class='ocr_line' id='line_1_28' title="bbox 163 1529 911 1574; baseline -0.001 -9"><span class='ocrx_word' id='word_1_248' title='bbox 163 1543 233 1565; x_wconf 89' lang='lat' dir='ltr'>nur</span> <span class='ocrx_word' id='word_1_249' title='bbox 264 1542 312 1565; x_wconf 85' lang='lat' dir='ltr'>an</span> <span class='ocrx_word' id='word_1_250' title='bbox 338 1530 402 1565; x_wconf 85' lang='lat' dir='ltr'>der</span> <span class='ocrx_word' id='word_1_251' title='bbox 427 1529 737 1565; x_wconf 64' lang='lat' dir='ltr'>wahl-scheinlich</span> <span class='ocrx_word' id='word_1_252' title='bbox 770 1530 911 1574; x_wconf 81' lang='lat' dir='ltr'>gleich—</span> 
     </span>
     <span class='ocr_line' id='line_1_29' title="bbox 164 1577 911 1612; baseline -0.001 0"><span class='ocrx_word' id='word_1_253' title='bbox 164 1578 251 1612; x_wconf 85' lang='lat' dir='ltr'>falls</span> <span class='ocrx_word' id='word_1_254' title='bbox 294 1578 548 1612; x_wconf 83' lang='lat' dir='ltr'>verdorbenen</span> <span class='ocrx_word' id='word_1_255' title='bbox 593 1577 707 1612; x_wconf 80' lang='lat' dir='ltr'>Stelle</span> <span class='ocrx_word' id='word_1_256' title='bbox 746 1577 850 1612; x_wconf 85' lang='lat' dir='ltr'>Verr.</span> <span class='ocrx_word' id='word_1_257' title='bbox 895 1577 911 1611; x_wconf 86' lang='lat' dir='ltr'>I</span> 
     </span>
     <span class='ocr_line' id='line_1_30' title="bbox 164 1624 912 1667; baseline -0.001 -8"><span class='ocrx_word' id='word_1_258' title='bbox 164 1628 227 1667; x_wconf 86' lang='grc'>28,</span> <span class='ocrx_word' id='word_1_259' title='bbox 269 1629 310 1659; x_wconf 84' lang='grc'>71</span> <span class='ocrx_word' id='word_1_260' title='bbox 352 1624 388 1660; x_wconf 81' lang='lat' dir='ltr'>C.</span> <span class='ocrx_word' id='word_1_261' title='bbox 431 1624 548 1659; x_wconf 73' lang='lat' dir='ltr'>Varro</span> <span class='ocrx_word' id='word_1_262' title='bbox 588 1645 628 1649; x_wconf 87' lang='lat'><strong>—</strong></span> <span class='ocrx_word' id='word_1_263' title='bbox 668 1625 754 1658; x_wconf 79' lang='lat' dir='ltr'>haee</span> <span class='ocrx_word' id='word_1_264' title='bbox 791 1625 912 1659; x_wconf 84' lang='lat' dir='ltr'>eadem</span> 
     </span>
     <span class='ocr_line' id='line_1_31' title="bbox 163 1671 912 1715; baseline -0.001 -9"><span class='ocrx_word' id='word_1_265' title='bbox 163 1673 246 1715; x_wconf 79' lang='lat' dir='ltr'>ipsa</span> <span class='ocrx_word' id='word_1_266' title='bbox 271 1683 306 1706; x_wconf 85' lang='lat' dir='ltr'>se</span> <span class='ocrx_word' id='word_1_267' title='bbox 331 1683 374 1706; x_wconf 70' lang='lat' dir='ltr'>ew</span> <span class='ocrx_word' id='word_1_268' title='bbox 397 1671 616 1706; x_wconf 74' lang='lat' dir='ltr'>Philodamo</span> <span class='ocrx_word' id='word_1_269' title='bbox 643 1672 788 1706; x_wconf 79' lang='lat' dir='ltr'>audisse</span> <span class='ocrx_word' id='word_1_270' title='bbox 813 1672 912 1706; x_wconf 78' lang='lat' dir='ltr'>dieat</span> 
     </span>
     <span class='ocr_line' id='line_1_32' title="bbox 163 1718 288 1755; baseline 0.016 -3"><span class='ocrx_word' id='word_1_271' title='bbox 163 1718 288 1755; x_wconf 50' lang='lat' dir='ltr'>finden</span> 
     </span>
    </p>

    <p class='ocr_par' dir='ltr' id='par_1_9' title="bbox 163 1765 914 2365">
     <span class='ocr_line' id='line_1_33' title="bbox 211 1765 913 1810; baseline -0.001 -10"><span class='ocrx_word' id='word_1_272' title='bbox 211 1778 299 1800; x_wconf 73' lang='lat' dir='ltr'>num</span> <span class='ocrx_word' id='word_1_273' title='bbox 326 1786 369 1791; x_wconf 84' lang='lat'>—</span> <span class='ocrx_word' id='word_1_274' title='bbox 393 1767 583 1810; x_wconf 76' lang='lat' dir='ltr'>pleraque:</span> <span class='ocrx_word' id='word_1_275' title='bbox 622 1765 719 1800; x_wconf 79' lang='lat' dir='ltr'>‘Wir</span> <span class='ocrx_word' id='word_1_276' title='bbox 745 1765 913 1800; x_wconf 85' lang='lat' dir='ltr'>zweifeln</span> 
     </span>
     <span class='ocr_line' id='line_1_34' title="bbox 164 1812 914 1856; baseline -0.003 -8"><span class='ocrx_word' id='word_1_277' title='bbox 164 1813 260 1848; x_wconf 87' lang='lat' dir='ltr'>doch</span> <span class='ocrx_word' id='word_1_278' title='bbox 285 1812 391 1847; x_wconf 73' lang='lat' dir='ltr'>nicht</span> <span class='ocrx_word' id='word_1_279' title='bbox 423 1816 537 1856; x_wconf 75' lang='lat' dir='ltr'>etwa,</span> <span class='ocrx_word' id='word_1_280' title='bbox 577 1812 666 1850; x_wconf 86' lang='lat' dir='ltr'>oder</span> <span class='ocrx_word' id='word_1_281' title='bbox 704 1813 822 1848; x_wconf 86' lang='lat' dir='ltr'>sollen</span> <span class='ocrx_word' id='word_1_282' title='bbox 847 1812 914 1846; x_wconf 80' lang='lat' dir='ltr'>wir</span> 
     </span>
     <span class='ocr_line' id='line_1_35' title="bbox 164 1859 913 1895; baseline -0.003 0"><span class='ocrx_word' id='word_1_283' title='bbox 164 1862 262 1895; x_wconf 74' lang='lat' dir='ltr'>etwa</span> <span class='ocrx_word' id='word_1_284' title='bbox 289 1860 343 1894; x_wconf 82' lang='lat' dir='ltr'>als</span> <span class='ocrx_word' id='word_1_285' title='bbox 369 1859 622 1895; x_wconf 83' lang='lat' dir='ltr'>Akademiker</span> <span class='ocrx_word' id='word_1_286' title='bbox 647 1860 717 1894; x_wconf 87' lang='lat' dir='ltr'>wie</span> <span class='ocrx_word' id='word_1_287' title='bbox 749 1871 796 1894; x_wconf 82' lang='lat' dir='ltr'>an</span> <span class='ocrx_word' id='word_1_288' title='bbox 829 1859 913 1894; x_wconf 88' lang='lat' dir='ltr'>dem</span> 
     </span>
     <span class='ocr_line' id='line_1_36' title="bbox 164 1907 912 1950; baseline -0.001 -9"><span class='ocrx_word' id='word_1_289' title='bbox 164 1907 339 1950; x_wconf 72' lang='lat' dir='ltr'>Meisteu,</span> <span class='ocrx_word' id='word_1_290' title='bbox 378 1919 417 1942; x_wconf 88' lang='lat' dir='ltr'>so</span> <span class='ocrx_word' id='word_1_291' title='bbox 444 1908 539 1942; x_wconf 77' lang='lat' dir='ltr'>auch</span> <span class='ocrx_word' id='word_1_292' title='bbox 572 1907 702 1941; x_wconf 87' lang='lat' dir='ltr'>hieran</span> <span class='ocrx_word' id='word_1_293' title='bbox 733 1907 912 1948; x_wconf 84' lang='lat' dir='ltr'>zweifeln,</span> 
     </span>
     <span class='ocr_line' id='line_1_37' title="bbox 165 1954 912 1999; baseline -0.001 -10"><span class='ocrx_word' id='word_1_294' title='bbox 165 1954 338 1999; x_wconf 85' lang='lat' dir='ltr'>obgleieh</span> <span class='ocrx_word' id='word_1_295' title='bbox 351 1954 430 1989; x_wconf 85' lang='lat' dir='ltr'>dies</span> <span class='ocrx_word' id='word_1_296' title='bbox 444 1954 591 1989; x_wconf 86' lang='lat' dir='ltr'>freilich</span> <span class='ocrx_word' id='word_1_297' title='bbox 602 1954 912 1988; x_wconf 74' lang='lat' dir='ltr'>mathematische</span> 
     </span>
     <span class='ocr_line' id='line_1_38' title="bbox 165 2000 913 2037; baseline -0.001 -2"><span class='ocrx_word' id='word_1_298' title='bbox 165 2000 384 2036; x_wconf 77' lang='lat' dir='ltr'>Gewissheit</span> <span class='ocrx_word' id='word_1_299' title='bbox 427 2001 520 2037; x_wconf 67' lang='lat' dir='ltr'>hab&#39;.</span> <span class='ocrx_word' id='word_1_300' title='bbox 571 2013 659 2035; x_wconf 71' lang='lat' dir='ltr'>‘num</span> <span class='ocrx_word' id='word_1_301' title='bbox 693 2022 736 2025; x_wconf 97' lang='lat'><strong>—</strong></span> <span class='ocrx_word' id='word_1_302' title='bbox 772 2013 822 2036; x_wconf 77' lang='lat' dir='ltr'>an</span> <span class='ocrx_word' id='word_1_303' title='bbox 864 2001 913 2034; x_wconf 74' lang='lat' dir='ltr'>ist</span> 
     </span>
     <span class='ocr_line' id='line_1_39' title="bbox 165 2046 910 2093; baseline 0 -11"><span class='ocrx_word' id='word_1_304' title='bbox 165 2049 244 2083; x_wconf 82' lang='lat' dir='ltr'>also</span> <span class='ocrx_word' id='word_1_305' title='bbox 282 2046 387 2083; x_wconf 80' lang='lat' dir='ltr'>nicht:</span> <span class='ocrx_word' id='word_1_306' title='bbox 424 2049 478 2082; x_wconf 83' lang='lat' dir='ltr'>als</span> <span class='ocrx_word' id='word_1_307' title='bbox 513 2047 765 2093; x_wconf 81' lang='lat' dir='ltr'>Doppelfrage</span> <span class='ocrx_word' id='word_1_308' title='bbox 801 2059 910 2082; x_wconf 85' lang='lat' dir='ltr'>anzu-</span> 
     </span>
     <span class='ocr_line' id='line_1_40' title="bbox 165 2094 913 2138; baseline -0.001 -9"><span class='ocrx_word' id='word_1_309' title='bbox 165 2096 296 2138; x_wconf 84' lang='lat' dir='ltr'>sehen,</span> <span class='ocrx_word' id='word_1_310' title='bbox 342 2107 368 2129; x_wconf 88' lang='lat' dir='ltr'>s.</span> <span class='ocrx_word' id='word_1_311' title='bbox 402 2108 429 2130; x_wconf 88' lang='lat' dir='ltr'>z.</span> <span class='ocrx_word' id='word_1_312' title='bbox 456 2099 475 2137; x_wconf 66' lang='grc' dir='ltr'><em>ξ</em></span> <span class='ocrx_word' id='word_1_313' title='bbox 501 2099 557 2130; x_wconf 82' lang='lat'>50.</span> <span class='ocrx_word' id='word_1_314' title='bbox 598 2116 641 2119; x_wconf 97' lang='lat'><strong>—</strong></span> <span class='ocrx_word' id='word_1_315' title='bbox 680 2094 783 2129; x_wconf 78' lang='lat' dir='ltr'>Nach</span> <span class='ocrx_word' id='word_1_316' title='bbox 829 2095 913 2129; x_wconf 88' lang='lat' dir='ltr'>dem</span> 
     </span>
     <span class='ocr_line' id='line_1_41' title="bbox 164 2141 913 2187; baseline -0.001 -11"><span class='ocrx_word' id='word_1_317' title='bbox 164 2142 417 2187; x_wconf 75' lang='lat' dir='ltr'>begeisterten</span> <span class='ocrx_word' id='word_1_318' title='bbox 429 2141 529 2177; x_wconf 90' lang='lat' dir='ltr'>Lobe</span> <span class='ocrx_word' id='word_1_319' title='bbox 544 2142 674 2177; x_wconf 72' lang='lat' dir='ltr'>Plabos</span> <span class='ocrx_word' id='word_1_320' title='bbox 696 2142 805 2177; x_wconf 76' lang='lat' dir='ltr'>sollte</span> <span class='ocrx_word' id='word_1_321' title='bbox 826 2153 913 2175; x_wconf 81' lang='lat' dir='ltr'>man</span> 
     </span>
     <span class='ocr_line' id='line_1_42' title="bbox 165 2188 914 2232; baseline 0 -9"><span class='ocrx_word' id='word_1_322' title='bbox 165 2190 364 2232; x_wconf 76' lang='lat' dir='ltr'>erwarten‚</span> <span class='ocrx_word' id='word_1_323' title='bbox 391 2188 470 2224; x_wconf 82' lang='lat' dir='ltr'>dass</span> <span class='ocrx_word' id='word_1_324' title='bbox 497 2189 570 2224; x_wconf 88' lang='lat' dir='ltr'>Cic.</span> <span class='ocrx_word' id='word_1_325' title='bbox 596 2189 660 2223; x_wconf 85' lang='lat' dir='ltr'>der</span> <span class='ocrx_word' id='word_1_326' title='bbox 679 2189 824 2224; x_wconf 75' lang='lat' dir='ltr'>Platon.</span> <span class='ocrx_word' id='word_1_327' title='bbox 845 2189 914 2223; x_wconf 90' lang='lat' dir='ltr'>Be-</span> 
     </span>
     <span class='ocr_line' id='line_1_43' title="bbox 164 2235 912 2270; baseline 0 0"><span class='ocrx_word' id='word_1_328' title='bbox 164 2236 274 2270; x_wconf 84' lang='lat' dir='ltr'>weise</span> <span class='ocrx_word' id='word_1_329' title='bbox 307 2236 366 2270; x_wconf 78' lang='lat' dir='ltr'>fiir</span> <span class='ocrx_word' id='word_1_330' title='bbox 391 2236 449 2270; x_wconf 90' lang='lat' dir='ltr'>die</span> <span class='ocrx_word' id='word_1_331' title='bbox 483 2235 802 2270; x_wconf 74' lang='lat' dir='ltr'>Unsterblichkeit</span> <span class='ocrx_word' id='word_1_332' title='bbox 833 2236 912 2270; x_wconf 83' lang='lat' dir='ltr'>sich</span> 
     </span>
     <span class='ocr_line' id='line_1_44' title="bbox 163 2282 913 2327; baseline 0.001 -11"><span class='ocrx_word' id='word_1_333' title='bbox 163 2282 348 2317; x_wconf 88' lang='lat' dir='ltr'>bedienen</span> <span class='ocrx_word' id='word_1_334' title='bbox 385 2283 518 2317; x_wconf 80' lang='lat' dir='ltr'>wiirde.</span> <span class='ocrx_word' id='word_1_335' title='bbox 570 2282 749 2327; x_wconf 81' lang='lat' dir='ltr'>Dagegen</span> <span class='ocrx_word' id='word_1_336' title='bbox 787 2283 913 2327; x_wconf 85' lang='lat' dir='ltr'>folgen</span> 
     </span>
     <span class='ocr_line' id='line_1_45' title="bbox 164 2329 739 2365; baseline 0 -1"><span class='ocrx_word' id='word_1_337' title='bbox 164 2329 222 2364; x_wconf 88' lang='lat' dir='ltr'>bis</span> <span class='ocrx_word' id='word_1_338' title='bbox 249 2341 279 2364; x_wconf 91' lang='lat' dir='ltr'>c.</span> <span class='ocrx_word' id='word_1_339' title='bbox 306 2333 350 2364; x_wconf 83' lang='grc'>23</span> <span class='ocrx_word' id='word_1_340' title='bbox 378 2329 537 2364; x_wconf 80' lang='lat' dir='ltr'>stoische</span> <span class='ocrx_word' id='word_1_341' title='bbox 565 2330 739 2365; x_wconf 87' lang='lat' dir='ltr'>Beweise.</span> 
     </span>
    </p>

    <p class='ocr_par' dir='ltr' id='par_1_10' title="bbox 160 2376 913 2844">
     <span class='ocr_line' id='line_1_46' title="bbox 212 2376 913 2421; baseline 0 -11"><span class='ocrx_word' id='word_1_342' title='bbox 212 2380 345 2411; x_wconf 75' lang='lat' dir='ltr'>terram</span> <span class='ocrx_word' id='word_1_343' title='bbox 371 2379 439 2411; x_wconf 75' lang='lat' dir='ltr'>cet.</span> <span class='ocrx_word' id='word_1_344' title='bbox 480 2376 553 2410; x_wconf 87' lang='lat' dir='ltr'>Der</span> <span class='ocrx_word' id='word_1_345' title='bbox 567 2377 669 2418; x_wconf 77' lang='lat' dir='ltr'>Satz,</span> <span class='ocrx_word' id='word_1_346' title='bbox 694 2377 759 2411; x_wconf 86' lang='lat' dir='ltr'>der</span> <span class='ocrx_word' id='word_1_347' title='bbox 772 2377 913 2421; x_wconf 75' lang='lat' dir='ltr'>cigent-</span> 
     </span>
     <span class='ocr_line' id='line_1_47' title="bbox 164 2423 912 2468; baseline -0.001 -10"><span class='ocrx_word' id='word_1_348' title='bbox 164 2423 240 2458; x_wconf 87' lang='lat' dir='ltr'>lich</span> <span class='ocrx_word' id='word_1_349' title='bbox 256 2435 327 2458; x_wconf 89' lang='lat' dir='ltr'>von</span> <span class='ocrx_word' id='word_1_350' title='bbox 347 2424 556 2458; x_wconf 76' lang='lat' dir='ltr'>dubitamus</span> <span class='ocrx_word' id='word_1_351' title='bbox 573 2424 770 2468; x_wconf 63' lang='lat' dir='ltr'>abhangen</span> <span class='ocrx_word' id='word_1_352' title='bbox 791 2424 912 2466; x_wconf 72' lang='lat' dir='ltr'>sollte⁷</span> 
     </span>
     <span class='ocr_line' id='line_1_48' title="bbox 164 2470 912 2514; baseline 0 -10"><span class='ocrx_word' id='word_1_353' title='bbox 164 2470 215 2504; x_wconf 66' lang='lat' dir='ltr'>isi}</span> <span class='ocrx_word' id='word_1_354' title='bbox 240 2481 311 2505; x_wconf 85' lang='lat' dir='ltr'>von</span> <span class='ocrx_word' id='word_1_355' title='bbox 343 2471 408 2505; x_wconf 86' lang='lat' dir='ltr'>der</span> <span class='ocrx_word' id='word_1_356' title='bbox 432 2471 659 2505; x_wconf 76' lang='lat' dir='ltr'>Parenthese</span> <span class='ocrx_word' id='word_1_357' title='bbox 689 2471 912 2514; x_wconf 73' lang='lat' dir='ltr'>persuadent</span> 
     </span>
     <span class='ocr_line' id='line_1_49' title="bbox 165 2517 911 2562; baseline 0.001 -11"><span class='ocrx_word' id='word_1_358' title='bbox 165 2517 358 2562; x_wconf 61' lang='lat' dir='ltr'>abhangig</span> <span class='ocrx_word' id='word_1_359' title='bbox 384 2518 568 2562; x_wconf 72' lang='lat' dir='ltr'>gemacht.</span> <span class='ocrx_word' id='word_1_360' title='bbox 621 2518 655 2552; x_wconf 83' lang='lat' dir='ltr'>S.</span> <span class='ocrx_word' id='word_1_361' title='bbox 682 2521 744 2560; x_wconf 85' lang='lat'>36,</span> <span class='ocrx_word' id='word_1_362' title='bbox 766 2521 822 2552; x_wconf 87' lang='lat'>88.</span> <span class='ocrx_word' id='word_1_363' title='bbox 867 2517 911 2552; x_wconf 88' lang='lat' dir='ltr'>de</span> 
     </span>
     <span class='ocr_line' id='line_1_50' title="bbox 166 2564 912 2608; baseline 0 -10"><span class='ocrx_word' id='word_1_364' title='bbox 166 2564 225 2599; x_wconf 88' lang='lat' dir='ltr'>off.</span> <span class='ocrx_word' id='word_1_365' title='bbox 247 2565 263 2598; x_wconf 92' lang='grc' dir='ltr'>Ι</span> <span class='ocrx_word' id='word_1_366' title='bbox 286 2568 345 2608; x_wconf 90' lang='grc'>10,</span> <span class='ocrx_word' id='word_1_367' title='bbox 367 2569 410 2599; x_wconf 88' lang='grc'>33</span> <span class='ocrx_word' id='word_1_368' title='bbox 436 2565 494 2600; x_wconf 87' lang='lat' dir='ltr'>Ne</span> <span class='ocrx_word' id='word_1_369' title='bbox 518 2568 637 2599; x_wconf 72' lang='lat' dir='ltr'>noster</span> <span class='ocrx_word' id='word_1_370' title='bbox 662 2565 805 2608; x_wconf 72' lang='lat' dir='ltr'>quidem</span> <span class='ocrx_word' id='word_1_371' title='bbox 824 2575 912 2608; x_wconf 75' lang='lat' dir='ltr'>pro-</span> 
     </span>
     <span class='ocr_line' id='line_1_51' title="bbox 166 2611 913 2656; baseline 0 -11"><span class='ocrx_word' id='word_1_372' title='bbox 166 2612 326 2653; x_wconf 76' lang='lat' dir='ltr'>bandus,</span> <span class='ocrx_word' id='word_1_373' title='bbox 363 2613 396 2646; x_wconf 79' lang='lat' dir='ltr'>si</span> <span class='ocrx_word' id='word_1_374' title='bbox 432 2623 554 2646; x_wconf 78' lang='lat' dir='ltr'>verum</span> <span class='ocrx_word' id='word_1_375' title='bbox 592 2615 641 2646; x_wconf 73' lang='lat' dir='ltr'>est</span> <span class='ocrx_word' id='word_1_376' title='bbox 676 2611 716 2656; x_wconf 73' lang='lat' dir='ltr'><em>Q</em></span> <span class='ocrx_word' id='word_1_377' title='bbox 751 2611 913 2646; x_wconf 78' lang='lat' dir='ltr'>Fabium</span> 
     </span>
     <span class='ocr_line' id='line_1_52' title="bbox 165 2658 913 2703; baseline 0 -11"><span class='ocrx_word' id='word_1_378' title='bbox 165 2658 369 2693; x_wconf 78' lang='lat' dir='ltr'>Labeonem</span> <span class='ocrx_word' id='word_1_379' title='bbox 395 2661 463 2693; x_wconf 80' lang='lat' dir='ltr'>cet.</span> <span class='ocrx_word' id='word_1_380' title='bbox 514 2659 565 2693; x_wconf 84' lang='lat' dir='ltr'>lb.</span> <span class='ocrx_word' id='word_1_381' title='bbox 593 2663 630 2701; x_wconf 81' lang='lat'>7,</span> <span class='ocrx_word' id='word_1_382' title='bbox 652 2662 695 2692; x_wconf 86' lang='grc'>22</span> <span class='ocrx_word' id='word_1_383' title='bbox 723 2663 847 2703; x_wconf 76' lang='lat' dir='ltr'>atque,</span> <span class='ocrx_word' id='word_1_384' title='bbox 872 2662 913 2692; x_wconf 78' lang='lat' dir='ltr'>ut</span> 
     </span>
     <span class='ocr_line' id='line_1_53' title="bbox 160 2705 913 2750; baseline 0 -10"><span class='ocrx_word' id='word_1_385' title='bbox 160 2706 282 2749; x_wconf 75' lang='lat' dir='ltr'>placet</span> <span class='ocrx_word' id='word_1_386' title='bbox 319 2705 469 2748; x_wconf 78' lang='lat' dir='ltr'>Stoicis,</span> <span class='ocrx_word' id='word_1_387' title='bbox 507 2717 598 2749; x_wconf 78' lang='lat' dir='ltr'>quae</span> <span class='ocrx_word' id='word_1_388' title='bbox 635 2706 677 2740; x_wconf 74' lang='lat' dir='ltr'>in</span> <span class='ocrx_word' id='word_1_389' title='bbox 713 2707 821 2740; x_wconf 81' lang='lat' dir='ltr'>terris</span> <span class='ocrx_word' id='word_1_390' title='bbox 860 2706 913 2750; x_wconf 74' lang='lat' dir='ltr'>yi-</span> 
     </span>
     <span class='ocr_line' id='line_1_54' title="bbox 165 2752 914 2796; baseline -0.001 -10"><span class='ocrx_word' id='word_1_391' title='bbox 165 2756 330 2796; x_wconf 73' lang='lat' dir='ltr'>quantur</span> <span class='ocrx_word' id='word_1_392' title='bbox 366 2753 416 2787; x_wconf 89' lang='lat' dir='ltr'>ad</span> <span class='ocrx_word' id='word_1_393' title='bbox 452 2764 558 2787; x_wconf 84' lang='lat' dir='ltr'>usum</span> <span class='ocrx_word' id='word_1_394' title='bbox 590 2773 633 2777; x_wconf 97' lang='lat'>—</span> <span class='ocrx_word' id='word_1_395' title='bbox 660 2753 787 2787; x_wconf 66' lang='lat' dir='ltr'><em>ormi.</em></span> <span class='ocrx_word' id='word_1_396' title='bbox 839 2752 914 2786; x_wconf 74' lang='lat' dir='ltr'>Far</span> 
     </span>
     <span class='ocr_line' id='line_1_55' title="bbox 167 2798 912 2855; baseline 0 -23"><span class='ocrx_word' id='word_1_397' title='bbox 167 2799 237 2833; x_wconf 86' lang='lat' dir='ltr'>den</span> <span class='ocrx_word' id='word_1_398' title='bbox 270 2799 473 2855; x_wconf 67' lang='lat' dir='ltr'>Gedankep</span> <span class='ocrx_word' id='word_1_399' title='bbox 506 2799 579 2844; x_wconf 86' lang='lat' dir='ltr'>vgl.</span> <span class='ocrx_word' id='word_1_400' title='bbox 614 2798 721 2842; x_wconf 81' lang='lat' dir='ltr'>Diog.</span> <span class='ocrx_word' id='word_1_401' title='bbox 750 2799 817 2833; x_wconf 86' lang='lat' dir='ltr'>VII</span> <span class='ocrx_word' id='word_1_402' title='bbox 846 2803 912 2833; x_wconf 88' lang='lat'>155</span> 
     </span>
    </p>
   </div>
   <div class='ocr_carea' id='block_1_7' title="bbox 166 2842 913 2890">
    <p class='ocr_par' dir='ltr' id='par_1_11' title="bbox 166 2842 913 2890">
     <span class='ocr_line' id='line_1_56' title="bbox 166 2842 913 2890; baseline 0 -10"><span class='ocrx_word' id='word_1_403' title='bbox 166 2842 317 2890; x_wconf 68' lang='grc' dir='ltr'>ἀρέσκει</span> <span class='ocrx_word' id='word_1_404' title='bbox 344 2843 381 2880; x_wconf 83' lang='grc' dir='ltr'>δ’</span> <span class='ocrx_word' id='word_1_405' title='bbox 411 2843 538 2886; x_wconf 77' lang='grc' dir='ltr'><strong><em>αὐτοῖς</em></strong></span> <span class='ocrx_word' id='word_1_406' title='bbox 570 2860 634 2880; x_wconf 81' lang='grc' dir='ltr'>και</span> <span class='ocrx_word' id='word_1_407' title='bbox 666 2844 735 2890; x_wconf 80' lang='grc' dir='ltr'>τὴν</span> <span class='ocrx_word' id='word_1_408' title='bbox 761 2844 913 2880; x_wconf 74' lang='grc' dir='ltr'>διακόσ-</span> 
     </span>
    </p>
   </div>
   <div class='ocr_carea' id='block_1_8' title="bbox 984 1479 1734 2890">
    <p class='ocr_par' dir='ltr' id='par_1_12' title="bbox 984 1479 1401 1526">
     <span class='ocr_line' id='line_1_57' title="bbox 984 1479 1401 1526; baseline 0 -10"><span class='ocrx_word' id='word_1_409' title='bbox 984 1479 1078 1525; x_wconf 81' lang='grc' dir='ltr'><strong><em>αέρα</em></strong></span> <span class='ocrx_word' id='word_1_410' title='bbox 1105 1479 1401 1526; x_wconf 78' lang='grc' dir='ltr'><strong><em>ἐσφαιρωμένον.</em></strong></span> 
     </span>
    </p>

    <p class='ocr_par' dir='ltr' id='par_1_13' title="bbox 984 1530 1731 1705">
     <span class='ocr_line' id='line_1_58' title="bbox 1027 1530 1731 1575; baseline 0.004 -12"><span class='ocrx_word' id='word_1_411' title='bbox 1027 1531 1161 1574; x_wconf 74' lang='lat' dir='ltr'>puncti</span> <span class='ocrx_word' id='word_1_412' title='bbox 1203 1531 1340 1564; x_wconf 72' lang='lat' dir='ltr'>instar·</span> <span class='ocrx_word' id='word_1_413' title='bbox 1390 1530 1456 1565; x_wconf 82' lang='lat' dir='ltr'>das</span> <span class='ocrx_word' id='word_1_414' title='bbox 1499 1530 1731 1575; x_wconf 85' lang='lat' dir='ltr'>griechische</span> 
     </span>
     <span class='ocr_line' id='line_1_59' title="bbox 984 1575 1730 1613; baseline 0.004 -3"><span class='ocrx_word' id='word_1_415' title='bbox 984 1576 1093 1610; x_wconf 71' lang='lat' dir='ltr'>Wort</span> <span class='ocrx_word' id='word_1_416' title='bbox 1131 1587 1207 1611; x_wconf 82' lang='lat' dir='ltr'>war</span> <span class='ocrx_word' id='word_1_417' title='bbox 1243 1588 1286 1610; x_wconf 88' lang='lat' dir='ltr'>zu</span> <span class='ocrx_word' id='word_1_418' title='bbox 1325 1575 1471 1612; x_wconf 82' lang='lat' dir='ltr'>Ciceros</span> <span class='ocrx_word' id='word_1_419' title='bbox 1511 1578 1591 1612; x_wconf 77' lang='lat' dir='ltr'>Zeit</span> <span class='ocrx_word' id='word_1_420' title='bbox 1633 1579 1730 1613; x_wconf 84' lang='lat' dir='ltr'>noch</span> 
     </span>
     <span class='ocr_line' id='line_1_60' title="bbox 984 1623 1731 1668; baseline 0.004 -11"><span class='ocrx_word' id='word_1_421' title='bbox 984 1623 1088 1658; x_wconf 72' lang='lat' dir='ltr'>nicht</span> <span class='ocrx_word' id='word_1_422' title='bbox 1113 1623 1384 1668; x_wconf 77' lang='lat' dir='ltr'>eingebiirgert.</span> <span class='ocrx_word' id='word_1_423' title='bbox 1412 1645 1455 1650; x_wconf 94' lang='lat'><strong>—</strong></span> <span class='ocrx_word' id='word_1_424' title='bbox 1481 1625 1548 1667; x_wconf 89' lang='lat' dir='ltr'>ad,</span> <span class='ocrx_word' id='word_1_425' title='bbox 1575 1624 1626 1659; x_wconf 82' lang='lat' dir='ltr'>im</span> <span class='ocrx_word' id='word_1_426' title='bbox 1640 1624 1731 1660; x_wconf 88' lang='lat' dir='ltr'>Ver-</span> 
     </span>
     <span class='ocr_line' id='line_1_61' title="bbox 984 1670 1204 1705; baseline 0.005 -2"><span class='ocrx_word' id='word_1_427' title='bbox 984 1670 1124 1705; x_wconf 65' lang='lat' dir='ltr'>haltnis</span> <span class='ocrx_word' id='word_1_428' title='bbox 1150 1683 1204 1704; x_wconf 87' lang='lat' dir='ltr'>zu.</span> 
     </span>
    </p>

    <p class='ocr_par' dir='ltr' id='par_1_14' title="bbox 1033 1718 1730 1763">
     <span class='ocr_line' id='line_1_62' title="bbox 1033 1718 1730 1763; baseline 0.004 -12"><span class='ocrx_word' id='word_1_429' title='bbox 1033 1718 1156 1752; x_wconf 74' lang='lat' dir='ltr'>omnia</span> <span class='ocrx_word' id='word_1_430' title='bbox 1180 1718 1407 1763; x_wconf 73' lang='lat' dir='ltr'>yiynentium</span> <span class='ocrx_word' id='word_1_431' title='bbox 1432 1729 1548 1762; x_wconf 60' lang='lat' dir='ltr'>corp„</span> <span class='ocrx_word' id='word_1_432' title='bbox 1574 1730 1601 1753; x_wconf 89' lang='lat' dir='ltr'>s.</span> <span class='ocrx_word' id='word_1_433' title='bbox 1628 1722 1648 1761; x_wconf 64' lang='grc' dir='ltr'>ξ</span> <span class='ocrx_word' id='word_1_434' title='bbox 1672 1723 1730 1755; x_wconf 82' lang='grc'>22.</span> 
     </span>
    </p>

    <p class='ocr_par' dir='ltr' id='par_1_15' title="bbox 985 1764 1733 2139">
     <span class='ocr_line' id='line_1_63' title="bbox 1032 1764 1731 1811; baseline 0.003 -12"><span class='ocrx_word' id='word_1_435' title='bbox 1032 1769 1208 1799; x_wconf 73' lang='lat' dir='ltr'>momenta</span> <span class='ocrx_word' id='word_1_436' title='bbox 1221 1792 1231 1806; x_wconf 83' lang='lat'><em>,</em></span> <span class='ocrx_word' id='word_1_437' title='bbox 1324 1764 1731 1811; x_wconf 73' lang='lat' dir='ltr'>‘Bewegungsgesetze‚</span> 
     </span>
     <span class='ocr_line' id='line_1_64' title="bbox 986 1811 1732 1858; baseline 0.003 -13"><span class='ocrx_word' id='word_1_438' title='bbox 986 1811 1250 1856; x_wconf 73' lang='lat' dir='ltr'>Richtungen’.</span> <span class='ocrx_word' id='word_1_439' title='bbox 1283 1816 1396 1847; x_wconf 75' lang='lat' dir='ltr'>nutus</span> <span class='ocrx_word' id='word_1_440' title='bbox 1424 1812 1472 1847; x_wconf 78' lang='lat' dir='ltr'>ist</span> <span class='ocrx_word' id='word_1_441' title='bbox 1496 1812 1562 1847; x_wconf 85' lang='lat' dir='ltr'>das</span> <span class='ocrx_word' id='word_1_442' title='bbox 1589 1812 1732 1858; x_wconf 73' lang='lat' dir='ltr'>eigent-</span> 
     </span>
     <span class='ocr_line' id='line_1_65' title="bbox 986 1859 1733 1901; baseline 0.003 -8"><span class='ocrx_word' id='word_1_443' title='bbox 986 1859 1084 1893; x_wconf 88' lang='lat' dir='ltr'>liche</span> <span class='ocrx_word' id='word_1_444' title='bbox 1109 1859 1233 1901; x_wconf 71' lang='lat' dir='ltr'>Wort,</span> <span class='ocrx_word' id='word_1_445' title='bbox 1270 1870 1343 1894; x_wconf 85' lang='lat' dir='ltr'>von</span> <span class='ocrx_word' id='word_1_446' title='bbox 1375 1859 1458 1893; x_wconf 88' lang='lat' dir='ltr'>dem</span> <span class='ocrx_word' id='word_1_447' title='bbox 1486 1859 1642 1895; x_wconf 74' lang='lat' dir='ltr'>Streben</span> <span class='ocrx_word' id='word_1_448' title='bbox 1668 1860 1733 1895; x_wconf 90' lang='lat' dir='ltr'>der</span> 
     </span>
     <span class='ocr_line' id='line_1_66' title="bbox 985 1905 1731 1950; baseline 0.004 -11"><span class='ocrx_word' id='word_1_449' title='bbox 985 1905 1179 1940; x_wconf 79' lang='lat' dir='ltr'>Elemente</span> <span class='ocrx_word' id='word_1_450' title='bbox 1206 1916 1289 1939; x_wconf 90' lang='lat' dir='ltr'>zum</span> <span class='ocrx_word' id='word_1_451' title='bbox 1316 1906 1581 1950; x_wconf 76' lang='lat' dir='ltr'>Mittelpunkte</span> <span class='ocrx_word' id='word_1_452' title='bbox 1610 1907 1655 1942; x_wconf 88' lang='lat' dir='ltr'>de</span> <span class='ocrx_word' id='word_1_453' title='bbox 1681 1918 1731 1943; x_wconf 90' lang='lat' dir='ltr'>or.</span> 
     </span>
     <span class='ocr_line' id='line_1_67' title="bbox 985 1953 1732 1996; baseline 0.003 -9"><span class='ocrx_word' id='word_1_454' title='bbox 985 1953 1038 1987; x_wconf 94' lang='lat' dir='ltr'>III</span> <span class='ocrx_word' id='word_1_455' title='bbox 1063 1957 1126 1996; x_wconf 78' lang='lat'>45,</span> <span class='ocrx_word' id='word_1_456' title='bbox 1156 1956 1221 1987; x_wconf 82' lang='lat'>178</span> <span class='ocrx_word' id='word_1_457' title='bbox 1248 1957 1345 1987; x_wconf 77' lang='lat' dir='ltr'>terra</span> <span class='ocrx_word' id='word_1_458' title='bbox 1376 1957 1418 1987; x_wconf 80' lang='lat' dir='ltr'>ut</span> <span class='ocrx_word' id='word_1_459' title='bbox 1446 1954 1565 1988; x_wconf 81' lang='lat' dir='ltr'>media</span> <span class='ocrx_word' id='word_1_460' title='bbox 1596 1955 1643 1989; x_wconf 75' lang='lat' dir='ltr'>sit</span> <span class='ocrx_word' id='word_1_461' title='bbox 1675 1965 1732 1989; x_wconf 88' lang='lat' dir='ltr'>ea-</span> 
     </span>
     <span class='ocr_line' id='line_1_68' title="bbox 985 2001 1730 2045; baseline 0.003 -11"><span class='ocrx_word' id='word_1_462' title='bbox 985 2011 1052 2045; x_wconf 76' lang='lat' dir='ltr'>que</span> <span class='ocrx_word' id='word_1_463' title='bbox 1064 2001 1102 2034; x_wconf 77' lang='lat' dir='ltr'>vi</span> <span class='ocrx_word' id='word_1_464' title='bbox 1120 2011 1188 2035; x_wconf 87' lang='lat' dir='ltr'>sua</span> <span class='ocrx_word' id='word_1_465' title='bbox 1201 2004 1364 2044; x_wconf 72' lang='lat' dir='ltr'>nutuque</span> <span class='ocrx_word' id='word_1_466' title='bbox 1378 2003 1551 2036; x_wconf 77' lang='lat' dir='ltr'>teneatur.</span> <span class='ocrx_word' id='word_1_467' title='bbox 1573 2001 1618 2036; x_wconf 85' lang='lat' dir='ltr'>de</span> <span class='ocrx_word' id='word_1_468' title='bbox 1632 2001 1730 2037; x_wconf 86' lang='lat' dir='ltr'>deor.</span> 
     </span>
     <span class='ocr_line' id='line_1_69' title="bbox 985 2047 1732 2089; baseline 0.004 -9"><span class='ocrx_word' id='word_1_469' title='bbox 985 2060 1019 2081; x_wconf 84' lang='lat'>11.</span> <span class='ocrx_word' id='word_1_470' title='bbox 1046 2047 1081 2081; x_wconf 86' lang='lat' dir='ltr'>II</span> <span class='ocrx_word' id='word_1_471' title='bbox 1107 2051 1170 2089; x_wconf 83' lang='lat'>39,</span> <span class='ocrx_word' id='word_1_472' title='bbox 1197 2050 1240 2081; x_wconf 86' lang='grc'>98</span> <span class='ocrx_word' id='word_1_473' title='bbox 1279 2051 1376 2082; x_wconf 73' lang='lat' dir='ltr'>terra</span> <span class='ocrx_word' id='word_1_474' title='bbox 1402 2068 1445 2072; x_wconf 84' lang='lat'>—</span> <span class='ocrx_word' id='word_1_475' title='bbox 1472 2049 1624 2083; x_wconf 76' lang='lat' dir='ltr'>‘nutibus</span> <span class='ocrx_word' id='word_1_476' title='bbox 1654 2049 1732 2083; x_wconf 80' lang='lat' dir='ltr'>suis</span> 
     </span>
     <span class='ocr_line' id='line_1_70' title="bbox 986 2095 1207 2139; baseline -0.009 -9"><span class='ocrx_word' id='word_1_477' title='bbox 986 2095 1207 2139; x_wconf 61' lang='lat' dir='ltr'>conglobata.</span> 
     </span>
    </p>

    <p class='ocr_par' dir='ltr' id='par_1_16' title="bbox 985 2140 1733 2317">
     <span class='ocr_line' id='line_1_71' title="bbox 1032 2140 1732 2185; baseline 0.003 -10"><span class='ocrx_word' id='word_1_478' title='bbox 1032 2142 1082 2175; x_wconf 87' lang='lat' dir='ltr'>ad</span> <span class='ocrx_word' id='word_1_479' title='bbox 1118 2152 1229 2185; x_wconf 77' lang='lat' dir='ltr'>pares</span> <span class='ocrx_word' id='word_1_480' title='bbox 1274 2141 1443 2185; x_wconf 71' lang='lat' dir='ltr'>anyulos,</span> <span class='ocrx_word' id='word_1_481' title='bbox 1498 2140 1621 2176; x_wconf 78' lang='lat' dir='ltr'>sodass</span> <span class='ocrx_word' id='word_1_482' title='bbox 1672 2141 1732 2177; x_wconf 82' lang='lat' dir='ltr'>die</span> 
     </span>
     <span class='ocr_line' id='line_1_72' title="bbox 985 2188 1731 2232; baseline 0 -10"><span class='ocrx_word' id='word_1_483' title='bbox 985 2188 1185 2223; x_wconf 81' lang='lat' dir='ltr'>Falllinien</span> <span class='ocrx_word' id='word_1_484' title='bbox 1210 2188 1356 2232; x_wconf 87' lang='lat' dir='ltr'>gleiche</span> <span class='ocrx_word' id='word_1_485' title='bbox 1382 2188 1416 2222; x_wconf 87' lang='lat' dir='ltr'>d.</span> <span class='ocrx_word' id='word_1_486' title='bbox 1437 2188 1460 2223; x_wconf 92' lang='lat' dir='ltr'>i.</span> <span class='ocrx_word' id='word_1_487' title='bbox 1481 2188 1608 2223; x_wconf 80' lang='lat' dir='ltr'>rechte</span> <span class='ocrx_word' id='word_1_488' title='bbox 1630 2188 1731 2223; x_wconf 86' lang='lat' dir='ltr'>Win-</span> 
     </span>
     <span class='ocr_line' id='line_1_73' title="bbox 985 2235 1733 2279; baseline 0.001 -10"><span class='ocrx_word' id='word_1_489' title='bbox 985 2235 1048 2270; x_wconf 89' lang='lat' dir='ltr'>kel</span> <span class='ocrx_word' id='word_1_490' title='bbox 1084 2235 1232 2279; x_wconf 85' lang='lat' dir='ltr'>bilden,</span> <span class='ocrx_word' id='word_1_491' title='bbox 1273 2235 1351 2269; x_wconf 82' lang='lat' dir='ltr'>also</span> <span class='ocrx_word' id='word_1_492' title='bbox 1391 2235 1604 2279; x_wconf 66' lang='lat' dir='ltr'>senkrechlz,</span> <span class='ocrx_word' id='word_1_493' title='bbox 1649 2236 1733 2270; x_wconf 83' lang='lat' dir='ltr'>das-</span> 
     </span>
     <span class='ocr_line' id='line_1_74' title="bbox 985 2282 1454 2317; baseline 0 -1"><span class='ocrx_word' id='word_1_494' title='bbox 985 2282 1087 2317; x_wconf 87' lang='lat' dir='ltr'>selbe</span> <span class='ocrx_word' id='word_1_495' title='bbox 1113 2282 1182 2317; x_wconf 84' lang='lat' dir='ltr'>wie</span> <span class='ocrx_word' id='word_1_496' title='bbox 1208 2283 1314 2316; x_wconf 71' lang='lat' dir='ltr'>rectis</span> <span class='ocrx_word' id='word_1_497' title='bbox 1339 2282 1454 2317; x_wconf 74' lang='lat' dir='ltr'>lineis.</span> 
     </span>
    </p>

    <p class='ocr_par' dir='ltr' id='par_1_17' title="bbox 1032 2330 1733 2372">
     <span class='ocr_line' id='line_1_75' title="bbox 1032 2330 1733 2372; baseline 0.001 -9"><span class='ocrx_word' id='word_1_498' title='bbox 1032 2340 1179 2364; x_wconf 72' lang='lat' dir='ltr'>rursum</span> <span class='ocrx_word' id='word_1_499' title='bbox 1213 2346 1257 2358; x_wconf 95' lang='lat'><strong><em>=</em></strong></span> <span class='ocrx_word' id='word_1_500' title='bbox 1293 2333 1420 2364; x_wconf 75' lang='lat' dir='ltr'>contra</span> <span class='ocrx_word' id='word_1_501' title='bbox 1469 2333 1530 2372; x_wconf 89' lang='grc'>20,</span> <span class='ocrx_word' id='word_1_502' title='bbox 1575 2333 1631 2364; x_wconf 85' lang='grc'>45.</span> <span class='ocrx_word' id='word_1_503' title='bbox 1682 2330 1733 2364; x_wconf 92' lang='lat' dir='ltr'>III</span> 
     </span>
    </p>

    <p class='ocr_par' dir='ltr' id='par_1_18' title="bbox 984 2422 1733 2692">
     <span class='ocr_line' id='line_1_76' title="bbox 1033 2422 1733 2466; baseline 0.001 -9"><span class='ocrx_word' id='word_1_504' title='bbox 1033 2427 1089 2457; x_wconf 84' lang='lat'>41.</span> <span class='ocrx_word' id='word_1_505' title='bbox 1115 2434 1304 2457; x_wconf 72' lang='lat' dir='ltr'>numerus:</span> <span class='ocrx_word' id='word_1_506' title='bbox 1332 2435 1358 2457; x_wconf 89' lang='lat' dir='ltr'>s.</span> <span class='ocrx_word' id='word_1_507' title='bbox 1383 2427 1442 2466; x_wconf 89' lang='lat'>10,</span> <span class='ocrx_word' id='word_1_508' title='bbox 1463 2427 1520 2458; x_wconf 89' lang='grc'>20.</span> <span class='ocrx_word' id='word_1_509' title='bbox 1570 2422 1639 2457; x_wconf 78' lang='lat' dir='ltr'>Die</span> <span class='ocrx_word' id='word_1_510' title='bbox 1659 2422 1733 2458; x_wconf 90' lang='lat' dir='ltr'>De-</span> 
     </span>
     <span class='ocr_line' id='line_1_77' title="bbox 984 2469 1730 2505; baseline 0.003 -2"><span class='ocrx_word' id='word_1_511' title='bbox 984 2471 1129 2504; x_wconf 69' lang='lat' dir='ltr'>finition</span> <span class='ocrx_word' id='word_1_512' title='bbox 1154 2470 1220 2504; x_wconf 82' lang='lat' dir='ltr'>der</span> <span class='ocrx_word' id='word_1_513' title='bbox 1240 2470 1344 2505; x_wconf 84' lang='lat' dir='ltr'>Seele</span> <span class='ocrx_word' id='word_1_514' title='bbox 1366 2470 1420 2504; x_wconf 79' lang='lat' dir='ltr'>als</span> <span class='ocrx_word' id='word_1_515' title='bbox 1441 2469 1533 2504; x_wconf 84' lang='lat' dir='ltr'>Zahl</span> <span class='ocrx_word' id='word_1_516' title='bbox 1558 2469 1730 2505; x_wconf 77' lang='lat' dir='ltr'>hinderte</span> 
     </span>
     <span class='ocr_line' id='line_1_78' title="bbox 985 2516 1732 2561; baseline 0.001 -11"><span class='ocrx_word' id='word_1_517' title='bbox 985 2517 1214 2551; x_wconf 76' lang='lat' dir='ltr'>Xenokrates</span> <span class='ocrx_word' id='word_1_518' title='bbox 1240 2517 1360 2557; x_wconf 73' lang='lat' dir='ltr'>nicht,</span> <span class='ocrx_word' id='word_1_519' title='bbox 1387 2517 1446 2550; x_wconf 85' lang='lat' dir='ltr'>ihr</span> <span class='ocrx_word' id='word_1_520' title='bbox 1471 2516 1530 2551; x_wconf 88' lang='lat' dir='ltr'>die</span> <span class='ocrx_word' id='word_1_521' title='bbox 1551 2516 1732 2561; x_wconf 75' lang='lat' dir='ltr'>Moglich-</span> 
     </span>
     <span class='ocr_line' id='line_1_79' title="bbox 984 2564 1732 2608; baseline 0.001 -10"><span class='ocrx_word' id='word_1_522' title='bbox 984 2564 1064 2598; x_wconf 73' lang='lat' dir='ltr'>keit</span> <span class='ocrx_word' id='word_1_523' title='bbox 1089 2564 1188 2598; x_wconf 78' lang='lat' dir='ltr'>eines</span> <span class='ocrx_word' id='word_1_524' title='bbox 1223 2575 1309 2599; x_wconf 84' lang='lat' dir='ltr'>vom</span> <span class='ocrx_word' id='word_1_525' title='bbox 1336 2564 1478 2608; x_wconf 77' lang='lat' dir='ltr'>Korper</span> <span class='ocrx_word' id='word_1_526' title='bbox 1508 2564 1732 2608; x_wconf 70' lang='lat' dir='ltr'>getrennten</span> 
     </span>
     <span class='ocr_line' id='line_1_80' title="bbox 985 2610 1728 2656; baseline 0.001 -11"><span class='ocrx_word' id='word_1_527' title='bbox 985 2611 1141 2645; x_wconf 80' lang='lat' dir='ltr'>Daseins</span> <span class='ocrx_word' id='word_1_528' title='bbox 1162 2611 1444 2656; x_wconf 74' lang='lat' dir='ltr'>zuzugestehen.</span> <span class='ocrx_word' id='word_1_529' title='bbox 1476 2610 1587 2646; x_wconf 74' lang='lat' dir='ltr'>Arist.</span> <span class='ocrx_word' id='word_1_530' title='bbox 1603 2610 1648 2645; x_wconf 85' lang='lat' dir='ltr'>de</span> <span class='ocrx_word' id='word_1_531' title='bbox 1669 2622 1728 2646; x_wconf 84' lang='lat' dir='ltr'>an.</span> 
     </span>
     <span class='ocr_line' id='line_1_81' title="bbox 987 2658 1204 2692; baseline -0.005 0"><span class='ocrx_word' id='word_1_532' title='bbox 987 2660 1003 2692; x_wconf 92' lang='lat' dir='ltr'>I</span> <span class='ocrx_word' id='word_1_533' title='bbox 1030 2669 1059 2692; x_wconf 88' lang='lat' dir='ltr'>c.</span> <span class='ocrx_word' id='word_1_534' title='bbox 1086 2662 1139 2692; x_wconf 82' lang='lat' dir='ltr'>4a</span> <span class='ocrx_word' id='word_1_535' title='bbox 1164 2658 1204 2691; x_wconf 85' lang='lat' dir='ltr'>E.</span> 
     </span>
    </p>

    <p class='ocr_par' dir='ltr' id='par_1_19' title="bbox 986 2705 1734 2890">
     <span class='ocr_line' id='line_1_82' title="bbox 1032 2705 1734 2748; baseline -0.001 -9"><span class='ocrx_word' id='word_1_536' title='bbox 1032 2716 1107 2740; x_wconf 73' lang='lat' dir='ltr'>uon</span> <span class='ocrx_word' id='word_1_537' title='bbox 1149 2706 1339 2739; x_wconf 75' lang='lat' dir='ltr'>nominata</span> <span class='ocrx_word' id='word_1_538' title='bbox 1379 2715 1423 2738; x_wconf 85' lang='lat' dir='ltr'>m.</span> <span class='ocrx_word' id='word_1_539' title='bbox 1462 2715 1493 2748; x_wconf 77' lang='lat' dir='ltr'>q.</span> <span class='ocrx_word' id='word_1_540' title='bbox 1537 2714 1612 2738; x_wconf 69' lang='lat' dir='ltr'>non</span> <span class='ocrx_word' id='word_1_541' title='bbox 1651 2705 1734 2747; x_wconf 60' lang='lat' dir='ltr'>int„</span> 
     </span>
     <span class='ocr_line' id='line_1_83' title="bbox 989 2751 1732 2786; baseline 0 0"><span class='ocrx_word' id='word_1_542' title='bbox 989 2753 1109 2786; x_wconf 81' lang='lat' dir='ltr'>‘mehr</span> <span class='ocrx_word' id='word_1_543' title='bbox 1134 2752 1348 2786; x_wconf 76' lang='lat' dir='ltr'>unbenannt</span> <span class='ocrx_word' id='word_1_544' title='bbox 1367 2751 1421 2785; x_wconf 87' lang='lat' dir='ltr'>als</span> <span class='ocrx_word' id='word_1_545' title='bbox 1440 2751 1545 2785; x_wconf 73' lang='lat' dir='ltr'>nicht</span> <span class='ocrx_word' id='word_1_546' title='bbox 1565 2753 1732 2786; x_wconf 70' lang='lat' dir='ltr'>verstan-</span> 
     </span>
     <span class='ocr_line' id='line_1_84' title="bbox 986 2796 1732 2840; baseline -0.001 -8"><span class='ocrx_word' id='word_1_547' title='bbox 986 2799 1085 2833; x_wconf 84' lang='lat' dir='ltr'>deu’.</span> <span class='ocrx_word' id='word_1_548' title='bbox 1134 2799 1167 2832; x_wconf 80' lang='lat' dir='ltr'>S.</span> <span class='ocrx_word' id='word_1_549' title='bbox 1189 2802 1208 2840; x_wconf 62' lang='grc' dir='ltr'>ξ</span> <span class='ocrx_word' id='word_1_550' title='bbox 1229 2803 1272 2832; x_wconf 86' lang='grc'>22</span> <span class='ocrx_word' id='word_1_551' title='bbox 1292 2809 1428 2832; x_wconf 75' lang='lat' dir='ltr'>vacans</span> <span class='ocrx_word' id='word_1_552' title='bbox 1447 2798 1601 2832; x_wconf 75' lang='lat' dir='ltr'>nomine.</span> <span class='ocrx_word' id='word_1_553' title='bbox 1648 2796 1732 2832; x_wconf 84' lang='lat' dir='ltr'>Cra-</span> 
     </span>
     <span class='ocr_line' id='line_1_85' title="bbox 986 2844 1733 2890; baseline -0.001 -10"><span class='ocrx_word' id='word_1_554' title='bbox 986 2857 1064 2880; x_wconf 86' lang='lat' dir='ltr'>mer</span> <span class='ocrx_word' id='word_1_555' title='bbox 1102 2845 1237 2880; x_wconf 89' lang='lat' dir='ltr'>Anecd.</span> <span class='ocrx_word' id='word_1_556' title='bbox 1276 2856 1396 2890; x_wconf 80' lang='lat' dir='ltr'>graec.</span> <span class='ocrx_word' id='word_1_557' title='bbox 1430 2845 1505 2889; x_wconf 87' lang='lat' dir='ltr'>lp.</span> <span class='ocrx_word' id='word_1_558' title='bbox 1534 2849 1601 2879; x_wconf 85' lang='lat'>335</span> <span class='ocrx_word' id='word_1_559' title='bbox 1640 2844 1733 2879; x_wconf 88' lang='lat' dir='ltr'>wird</span> 
     </span>
    </p>
   </div>
  </div>
 </body>
</html>
