1817 3103
103 38 129 78 8
628 38 674 73 M.
702 37 863 72 TULLII
891 37 1144 73 CICERONIS

105 148 205 198 cavi,
245 159 342 197 quac
381 146 428 185 ‹le
462 149 639 186 maximis
673 148 969 198 quaestionibus
1003 149 1160 198 copiose
1193 154 1327 198 posset
1359 155 1573 201 ornateque
1607 153 1665 191 di-

105 217 213 256 cere,
240 206 279 243 in
301 217 415 255 quam
437 208 757 245 exercitationem
785 208 836 244 ita
864 219 935 245 nos
962 206 1135 244 studiose
1157 206 1353 259 dedimus,
1373 213 1418 246 ut
1443 210 1518 247 iam
1545 212 1663 249 etiam

105 263 258 302 scholas
291 263 529 303 Graecorum
562 277 670 303 more
702 264 846 302 habere
880 265 1126 303 auderemus.
1189 264 1238 302 Ut
1270 277 1397 316 nuper
1429 271 1541 306 tuum
1574 274 1663 320 post

105 321 325 361 discessum
356 325 395 362 in
429 323 670 374 Tusculano,
712 335 801 361 cum
835 328 968 361 essent
1000 323 1222 389 complures
1255 335 1407 362 mecum
1441 325 1663 378 familiares,

105 384 291 432 temptavi
322 381 413 432 quid
448 383 486 420 in
521 393 565 419 eo
599 393 742 432 genere
775 393 942 432 possem.
1005 380 1051 419 Ut
1087 382 1190 419 enim
1223 387 1335 420 antea
1368 383 1664 424 declamitabam

105 451 259 492 causas,
293 440 395 491 quod
430 452 544 478 nemo
577 452 637 478 me
666 440 813 478 diutius
845 440 954 493 fecit,
987 440 1310 498 &OQM
1312 453 1416 480 nunc
1444 443 1577 482 senilis
1604 449 1664 493 est

70 497 347 537 8deelamatio.
404 498 556 536 Ponere
590 498 771 537 iubeham
804 498 851 537 de
885 511 961 549 quo
995 500 1082 549 quis
1115 498 1249 537 audire
1272 487 1415 538 xelletz
1449 500 1492 538 ad
1527 501 1563 539 id
1598 507 1664 541 aut

106 557 247 595 sedens
287 562 352 595 aut
388 556 591 595 ambulans
624 557 880 608 disputabam.
936 558 1070 607 ltaque
1104 557 1256 595 dierum
1291 559 1464 609 quinque
1497 560 1666 612 scholas,

106 621 149 653 ut
182 615 319 653 Graeci
353 615 568 667 appellant,
609 618 647 654 in
680 616 843 654 tolidem
875 615 996 654 libros
1035 615 1194 654 contuli.
1257 616 1392 655 Fiebat
1432 623 1561 656 autem
1600 620 1664 671 ita,

105 679 149 712 ut
182 686 268 712 cum
302 675 353 726 is,
386 676 451 725 qui
480 675 614 713 audire
642 675 773 726 vellet,
806 675 967 713 dixisset
1000 675 1092 725 quid
1123 674 1196 712 sibi
1223 674 1443 727 videretur,
1475 682 1558 715 tum
1591 689 1664 728 ego

106 737 242 771 contra
274 732 457 771 dicerem.
521 733 624 772 llaec
658 740 717 772 est
749 735 869 785 enim,
909 739 952 772 ut.
985 735 1078 785 scis,
1118 739 1228 771 vetus
1262 739 1300 772 et
1334 733 1530 773 Socratica
1564 737 1663 774 ratio

105 795 241 829 contra
273 791 434 830 alterius
474 794 696 843 opinionem
736 792 973 844 disserendi3
1012 804 1099 830 nam
1140 793 1190 829 ita
1230 792 1409 830 facillime
1450 793 1541 843 quid
1583 795 1663 833 veri

105 849 343 888 simillimum
387 857 490 889 esset
529 852 696 889 inveniri
741 863 856 902 posse
899 850 1082 889 Socrates
1123 850 1398 889 arbitrabatur.
1463 852 1537 890 Sed
1585 865 1661 904 quo

105 908 349 947 commodius
370 909 653 960 disputationes
674 916 830 948 nostrae
859 909 1123 960 explicentur,
1148 910 1203 946 sic
1231 921 1295 947 eas
1322 922 1530 962 exponam,
1552 913 1663 962 quasi

105 972 241 1018 agatur
275 980 356 1019 res,
389 980 466 1006 non
500 970 611 1019 quasi
643 974 839 1006 narretur.
902 967 1004 1018 Ergo
1038 969 1088 1006 ita
1123 973 1307 1006 nascetur
1341 969 1556 1019 exordium.

223 1026 268 1064 Α.
302 1026 466 1065 Malum
501 1026 613 1065 mihi
646 1027 836 1064 videtur
869 1038 973 1065 esse
1006 1038 1140 1064 mors.
1186 1027 1240 1063 M.
1274 1026 1394 1078 lisne,
1428 1029 1494 1077 qui
1522 1030 1667 1067 mortui

106 1089 215 1135 sunt,
249 1096 296 1122 an
323 1086 388 1136 iis,
422 1085 565 1135 quibus
592 1085 838 1123 moriendum
867 1082 955 1123 est‘?
992 1086 1035 1122 Α.
1063 1084 1260 1135 Utrisque.
1302 1086 1354 1123 M.
1382 1084 1453 1124 Est
1479 1088 1666 1125 miserum

105 1143 242 1194 igitur,
275 1145 459 1194 quoniam
492 1144 647 1182 malum.
710 1146 754 1182 Α.
789 1143 914 1181 Certe.
979 1144 1032 1181 M.
1068 1142 1171 1192 Ergo
1205 1149 1244 1181 et
1275 1145 1318 1195 ii,
1361 1143 1505 1194 quibus
1539 1147 1668 1184 evenit

105 1202 181 1239 iam
214 1206 258 1239 ut
291 1208 559 1254 morerentur,
592 1208 630 1241 et
662 1204 705 1254 ii,
739 1202 882 1253 quibus
915 1208 1147 1240 eventurum
1181 1207 1257 1253 est,
1291 1204 1435 1241 miseri.
1494 1205 1538 1242 A.
1571 1204 1666 1242 Mihi

106 1261 157 1298 ita
190 1260 356 1298 videtur.
419 1262 473 1299 M.
507 1261 629 1299 Nemo
657 1273 750 1312 ergo
778 1273 853 1299 non
883 1262 1013 1299 miser.
1076 1262 1120 1298 Α.
1147 1260 1317 1299 Prorsus
1344 1273 1470 1300 nemo.
1534 1263 1587 1300 M.
1620 1262 1669 1301 Et

106 1318 281 1370 quidem,
316 1321 347 1357 si
381 1319 451 1357 tibi
485 1326 664 1358 constare
698 1321 772 1371 vis,
805 1331 959 1371 omnes,
992 1320 1231 1369 quicumque
1259 1321 1338 1357 nati
1373 1326 1464 1358 suut
1490 1328 1670 1373 eruntve,

106 1389 182 1415 non
224 1377 347 1416 solum
388 1380 541 1430 miseri,
586 1378 652 1417 sed
694 1379 810 1416 etiam
851 1390 1007 1429 semper
1046 1379 1191 1415 miseri.
1254 1377 1349 1416 Nam
1390 1380 1421 1416 si
1460 1379 1563 1418 solos
1602 1392 1668 1418 eos

106 1435 260 1474 diceres
306 1438 488 1489 miseros,
534 1437 676 1487 quilius
723 1436 969 1475 moriendum
1015 1442 1136 1487 esset,
1182 1438 1376 1474 neminem
1422 1443 1462 1476 tu
1509 1438 1668 1488 quidem

107 1506 262 1547 eorum,
290 1496 356 1545 qui
382 1497 574 1548 viverent,
602 1498 805 1546 exciperes
830 1517 878 1522 —-
903 1494 1150 1533 moriendum
1177 1500 1237 1533 est
1264 1497 1366 1533 enim
1395 1495 1577 1535 omnibus
1599 1520 1668 1550 —,

107 1558 211 1591 esset
243 1558 373 1593 tamen
407 1556 587 1592 miseriae
621 1555 708 1593 finis
741 1556 780 1592 in
814 1559 957 1605 morte,
991 1555 1174 1604 quoniam
1208 1560 1338 1591 autem
1372 1556 1487 1592 etiam
1521 1557 1667 1594 mortui

64 1009 91 1090 ‘00¹

153 1667 194 1701 in
231 1677 339 1711 quam
374 1677 440 1701 nos
471 1667 642 1702 dedimus.
694 1668 735 1701 In
761 1667 852 1712 glei-

106 1713 194 1748 cher
236 1714 456 1759 Bedeutung
508 1714 601 1749 ‘sich
647 1714 849 1759 hingeben'

105 1759 199 1794 wird
226 1760 292 1795 das
319 1761 481 1796 Verbum
515 1762 583 1795 mit
615 1762 663 1796 ad
694 1762 851 1796 verbun-

105 1807 188 1842 den.
239 1807 283 1842 de
311 1808 408 1842 deor.
435 1820 469 1842 n.
496 1809 511 1842 I
538 1813 576 1852 4,
598 1813 617 1843 9
643 1809 677 1843 si
701 1820 754 1843 me
778 1819 853 1844 non

105 1855 209 1889 modo
242 1856 291 1889 ad
317 1856 479 1899 leyendos
512 1856 622 1890 libros
653 1857 713 1890 sed
745 1857 852 1890 etiam

925 1671 962 1711 9,
986 1670 1027 1701 18
1049 1667 1098 1701 ad
1117 1677 1158 1701 ea
1178 1667 1351 1710 disputat.
1402 1667 1484 1711 Vgl.
1506 1680 1540 1712 p.
1562 1668 1668 1703 Rose.

923 1716 1004 1748 Am.
1040 1717 1102 1756 40,
1131 1714 1214 1748 116'
1233 1715 1315 1748 tecti
1348 1725 1419 1749 esse
1453 1715 1501 1749 ad
1535 1716 1672 1751 alienos

919 1771 1120 1805 possumus.

972 1811 1003 1842 8.
1031 1808 1220 1842 Socratica
1245 1809 1358 1851 ratio,
1393 1808 1557 1844 niimlieh
1589 1809 1670 1844 dass

925 1866 1010 1889 man
1043 1855 1102 1889 bei
1124 1855 1231 1899 jeder
1256 1855 1373 1899 Frage
1405 1855 1470 1890 das
1497 1856 1570 1890 Fiir
1595 1857 1671 1891 und

106 1902 156 1936 ad
189 1904 300 1936 totam
326 1902 595 1947 philosophiam
625 1906 851 1947 pertractan-

105 1949 190 1983 dam
215 1949 397 1983 dedissem.

152 1996 293 2030 scholae
318 1995 399 2030 sind
420 1996 619 2042 Vortriige,
646 1996 707 2031 bei
733 1997 852 2032 denen

105 2041 217 2077 Einer
243 2042 402 2087 spi-ioht,
432 2043 490 2078 die
516 2044 665 2078 Andern
692 2044 853 2078 zuhoren

106 2090 181 2124 und
199 2101 268 2124 nur
289 2090 395 2124 einen
410 2090 588 2124 Einwand
603 2091 768 2133 macheu,
790 2102 852 2124 um

107 2136 190 2171 dem
210 2137 361 2171 Andern
381 2136 625 2181 Gelegenheit
644 2150 686 2172 zu
706 2138 852 2173 Erorte-

105 2195 247 2228 rungen
273 2195 316 2217 zu
342 2184 479 2228 geben,
506 2185 769 2229 disputationes
789 2185 851 2219 da-

105 2240 226 2275 gegen
234 2230 624 2275 WVechselgespraehe.
643 2231 676 2265 S.
686 2232 780 2266 Einl.
791 2235 810 2273 ξ
820 2235 850 2265 2.

153 2281 257 2312 tuum
279 2281 360 2321 post
386 2279 576 2313 discessum
604 2290 631 2314 s..
659 2279 754 2313 Einl.
779 2283 797 2320 ξ
818 2283 850 2313 4.

154 2325 250 2368 quod
274 2335 393 2359 nemo:
419 2325 452 2358 d.
474 2325 497 2359 i.
524 2325 611 2359 kein
631 2326 853 2361 vornehmer

105 2371 254 2406 Romer.
305 2371 435 2406 Zuerst
465 2384 507 2405 zu
544 2372 663 2407 seiner
698 2372 852 2417 eigenen

106 2417 357 2463 Ausbildung,
378 2418 475 2452 daun
494 2430 555 2452 zur
569 2418 853 2464 Unterweisung

105 2465 288 2509 Jfingerer
337 2466 426 2500 fibte
471 2465 543 2500 Cic.
592 2466 853 2502 rednerisehen

106 2511 269 2556 Vol-trag
293 2512 332 2546 in
358 2512 609 2557 griechischer
639 2514 712 2548 und
746 2514 853 2548 latei-

105 2559 253 2594 nischer
277 2558 450 2603 Sprache.

150 2616 284 2650 ponere
309 2623 352 2635 =
373 2617 588 2650 proponere.

106 2653 159 2687 111
185 2657 248 2696 22,
276 2656 330 2688 54.

155 2701 203 2734 ad
225 2701 283 2743 id,
311 2700 363 2734 ‘in
378 2701 500 2745 Bezug
513 2700 578 2734 auf
589 2700 690 2742 das';
718 2700 851 2735 ebenso

106 2746 158 2780 im
203 2746 466 2782 Griechischen
510 2746 632 2791 λέγειν
676 2745 768 2791 πρός
806 2761 849 2783 τι.

105 2793 275 2839 Xenoph.
303 2805 411 2829 mem.
434 2794 486 2828 ΙΙΙ
507 2798 544 2839 9,
567 2798 620 2829 12.
673 2794 777 2829 Tusc.
801 2795 851 2829 III

638 2606 789 2641 τιθέναι
825 2619 850 2642 s.

925 1902 1054 1936 Wider
1079 1903 1220 1946 erwagt
1244 1902 1336 1945 und,
1364 1903 1459 1937 ohne
1480 1902 1558 1937 dass
1585 1914 1670 1938 man

927 1949 997 1983 den
1023 1949 1217 1993 Anspruch
1243 1949 1480 1984 bestimmten
1505 1949 1673 1985 Wissens

927 1996 1073 2039 erhebt,
1094 1996 1172 2030 sich
1192 1996 1260 2030 mit
1281 1996 1345 2030 der
1359 1995 1587 2042 Auffinclung
1606 1998 1670 2032 des

928 2041 1296 2078 Wabrseheinliehen
1311 2043 1488 2097 begniigt.
1529 2044 1573 2078 (le
1595 2045 1668 2079 div.

926 2090 959 2124 Π
983 2093 1126 2133 72,150
1147 2100 1227 2124 cum
1247 2092 1442 2134 pioprium
1461 2092 1508 2125 szt
1530 2091 1670 2126 Acade-

925 2138 1018 2171 miae
1049 2137 1229 2171 iudt'ozzcm
1258 2148 1364 2171 suum
1388 2138 1530 2172 nullum
1561 2139 1671 2173 inter—

920 2195 1072 2228 pone-re,
1116 2185 1302 2218 tenebimus
1346 2185 1440 2218 hanc
1483 2189 1669 2220 consueta-

926 2232 1045 2265 dinem
1065 2243 1088 2265 a
1108 2232 1197 2265 *Soet
1200 2235 1256 2266 ate
1282 2232 1467 2266 tr'.ad2tam
1520 2233 1632 2268 Acad
1654 2232 1670 2266 Ι

926 2282 958 2321 4,
976 2281 1017 2312 17
1033 2277 1222 2313 Socratica
1235 2279 1425 2313 dubitatio
1445 2278 1479 2314 S.
1494 2279 1588 2313 Einl.
1604 2283 1671 2321 §2

973 2325 1065 2370 Kap.
1093 2324 1130 2360 5.
1182 2330 1212 2361 9.
1234 2327 1280 2361 A.
1301 2316 1400 2360 Uber
1420 2325 1478 2360 die
1498 2326 1671 2361 Bezeieh-

926 2384 1027 2417 nung
1053 2384 1079 2406 s,
1107 2372 1201 2408 Einl.
1229 2376 1246 2415 ξ,
1273 2377 1304 2408 3.

976 2419 1135 2453 Prorsus
1161 2430 1261 2454 nemo
1291 2420 1340 2454 ist
1371 2419 1474 2454 nieht
1500 2420 1668 2455 dasselbe

927 2466 996 2500 wie
1022 2467 1168 2501 omnino
1194 2478 1313 2509 nemo,
1340 2467 1496 2502 sondern
1516 2478 1672 2511 prorsus

925 2513 1158 2556 bezeichnet,
1196 2513 1275 2548 dass
1315 2514 1380 2548 der
1405 2514 1670 2549 Antwortende

926 2560 1218 2604 unbeschrankt,
1264 2560 1379 2595 selbst
1422 2561 1505 2595 dem
1546 2562 1670 2596 ‘Wort-

926 2607 1027 2642 laute
1053 2608 1149 2641 nach
1175 2608 1257 2642 dem
1286 2607 1431 2652 Gegner
1453 2608 1670 2651 beistimmt,

929 2653 981 2699 ‘ja
1003 2654 1112 2698 wohl,
1132 2655 1288 2689 keiner’.
1335 2655 1369 2690 S.
1393 2658 1412 2696 ἓ
1435 2658 1487 2689 10.
1533 2654 1565 2688 II
1585 2659 1604 2697 ξ
1627 2659 1670 2689 14

925 2702 979 2735 ita
1008 2711 1163 2745 pro-rsus
1198 2702 1382 2736 ewistumo.
1433 2702 1485 2736 ita
1515 2713 1670 2746 prorsus

925 2748 1027 2782 steht
1046 2749 1141 2782 auch
1162 2749 1288 2794 hiiufig
1307 2748 1476 2783 ironiseh.
1522 2761 1555 2794 p.
1579 2749 1668 2784 Sull.

926 2799 985 2840 19,
1013 2798 1067 2830 54.
