1833 3098
194 62 275 103 138
711 63 759 98 M.
786 63 947 99 TULLII
972 63 1225 100 CICERONIS

190 174 344 224 pientis.
406 172 534 212 Habes
573 185 672 224 quae
711 174 921 213 fortissime
961 174 1007 213 de
1040 174 1150 213 beata
1183 176 1258 213 vita
1290 175 1366 214 dici
1398 181 1532 227 putem
1565 182 1620 228 et,
1663 189 1739 228 quo

191 231 305 269 modo
338 243 442 270 nunc
476 237 546 284 est,
577 234 652 271 nisi
685 232 777 283 quid
810 239 851 271 tu
885 233 1023 272 melius
1056 233 1246 286 attuleris,
1278 235 1394 273 etiam
1427 235 1640 274 verissime.

118 288 175 330 29
310 291 353 328 Α.
386 289 524 329 Melius
563 291 743 343 equidem
782 291 934 330 adferre
973 291 1067 330 nihil
1107 303 1285 344 possum,
1324 292 1391 331 sed
1427 305 1449 331 a
1489 299 1525 332 te
1559 294 1740 344 impetra-

191 350 264 387 rim
298 348 490 401 lubenter,
522 355 583 402 ut,
615 351 689 389 nisi
722 350 929 389 molestum
963 352 1032 402 sit,
1065 352 1247 401 quoniam
1280 357 1316 389 te
1352 350 1455 390 nulla
1487 351 1639 390 vincula
1670 354 1738 391 im-

189 407 354 458 pediunt
385 407 502 447 ullius
535 415 664 448 certae
698 408 923 460 disciplinae
965 408 1140 459 libasque
1173 422 1219 447 ex
1252 409 1434 448 omnihus
1466 410 1740 462 quodcumque

189 472 228 505 te
267 468 431 505 maxime
471 469 600 519 specie
639 469 814 507 veritatis
853 473 997 520 movet,
1037 468 1139 519 quod
1178 468 1291 519 paulo
1331 475 1419 507 ante
1457 468 1739 520 Peripateticos

189 531 442 577 veteremque
469 526 714 565 Academiam
741 526 889 565 hortari
915 526 1107 578 videbare,
1135 532 1178 565 ut
1204 528 1287 565 sine
1314 529 1589 566 retractatione
1615 527 1738 567 libere

189 583 321 622 dicere
360 584 550 623 auderent
589 587 784 636 sapientes
823 597 908 624 esse
948 598 1103 637 semper
1142 585 1407 638 beatissimos3
1446 586 1484 625 id
1523 586 1638 625 velim
1675 599 1739 626 au-

190 642 292 694 dire,
335 655 450 694 quem
492 643 538 681 ad
579 644 737 683 modum
780 644 838 682 his
880 650 994 695 putes
1037 651 1342 683 consentaneum
1383 657 1469 683 esse
1512 644 1550 683 id
1592 645 1742 697 dicere3

190 701 310 740 multa
343 703 445 740 enim
478 714 498 740 a
530 708 568 740 te
601 708 736 741 contra
768 704 880 741 istam
920 705 1152 741 sententiam
1192 703 1293 742 dicta
1326 710 1418 742 sunt
1449 709 1488 742 et
1520 703 1742 743 Stoicorum

129 769 175 800 83
190 761 340 798 ratione
374 760 569 800 conclusa.
632 762 686 800 M.
719 761 882 800 Utamur
914 763 1032 813 igitur
1071 761 1268 814 libertate,
1307 774 1383 813 qua
1421 762 1534 801 nobis
1571 762 1663 801 solis
1701 764 1741 801 in

189 818 432 870 philosophia
465 819 556 858 licet
588 822 656 872 uti,
689 832 857 871 quorum
888 822 1010 858 oratio
1044 820 1138 859 nihil
1170 822 1252 871 ipsa
1284 821 1441 872 iudicat,
1474 820 1542 860 sed
1574 821 1740 860 habetur

188 879 228 915 in
261 889 397 916 omnes
435 884 585 931 partes,
624 884 667 917 ut
705 878 751 917 ab
790 878 874 917 aliis
912 880 1036 929 possit
1073 881 1155 930 ipsa
1192 892 1263 930 per
1302 892 1387 918 sese
1427 879 1572 919 nullius
1611 885 1742 919 aucto-

189 937 303 974 ritate
337 936 517 975 adiuncta
550 937 724 976 iudicari.
787 937 836 975 Et
868 939 1050 987 quoniam
1082 937 1226 976 videris
1264 938 1337 976 hoc
1369 938 1483 990 velle,
1522 946 1582 991 ut,
1624 951 1740 990 quae-

189 1007 357 1046 cumque
409 995 723 1034 dissentientium
774 995 1094 1046 philosophorum
1146 998 1339 1035 sententia
1388 998 1439 1035 sit
1488 997 1535 1035 de
1585 997 1740 1050 finibus„

189 1060 316 1092 tamen
352 1055 475 1093 virtus
508 1055 601 1093 satis
634 1054 772 1093 habeat
805 1054 850 1092 ad
884 1055 1001 1092 vitam
1033 1053 1185 1093 beatam
1217 1055 1413 1107 praesidii,
1447 1055 1550 1106 quod
1584 1055 1742 1107 quidem

188 1111 427 1151 Carneadem
461 1113 660 1164 disputare
694 1113 850 1152 solitum
886 1114 1128 1166 accepimus3
1167 1113 1235 1152 sed
1267 1115 1301 1152 Is
1333 1119 1376 1153 ut
1407 1120 1544 1153 contra
1577 1114 1741 1165 Stoicos,

189 1183 287 1221 quos
329 1171 614 1210 studiosissime
658 1184 813 1223 semper
858 1171 1059 1211 refellebat
1103 1177 1142 1211 et
1183 1179 1317 1211 contra
1363 1185 1529 1224 quorum
1572 1173 1741 1225 discipli-

187 1241 275 1268 nam
307 1231 507 1282 ingenium
540 1232 624 1270 eius
658 1236 877 1283 exarserat3
911 1243 981 1270 nos
1014 1231 1172 1282 quidem
1205 1231 1299 1271 illud
1332 1244 1422 1270 cum
1447 1244 1542 1283 pace
1568 1243 1739 1283 agemus.

1003 1368 1054 1402 sie
1094 1379 1140 1402 an
1178 1367 1252 1402 und
1289 1367 1348 1402 fiir
1386 1368 1482 1411 sich,
1529 1369 1623 1403 ohne
1662 1368 1741 1404 dass

235 1369 408 1412 quomodo
450 1379 548 1403 omne
591 1371 657 1410 est,
707 1368 802 1403 nach
846 1368 929 1403 dem

1002 1414 1238 1450 Antoritaten
1281 1414 1318 1449 in
1359 1415 1537 1450 Betracht
1579 1426 1742 1460 gezogen

187 1415 490 1460 gegenwartigen
523 1415 660 1450 Stande
699 1415 762 1450 der
798 1415 928 1450 Unter-

188 1461 365 1507 suchung.

235 1509 327 1554 Kap.
355 1509 418 1544 29.
469 1513 526 1552 ut,
558 1510 633 1544 ‘nisi
657 1510 839 1544 molestum
864 1511 929 1544 sit.-

188 1557 281 1590 statt
306 1556 556 1591 fortzufahren
588 1557 730 1598 doceas,
762 1557 928 1601 quemad-

187 1604 329 1638 modum
361 1607 484 1647 putes,
527 1604 682 1648 beginnt
721 1602 794 1638 Cic.
834 1604 928 1639 nach

189 1650 259 1685 den
297 1650 615 1695 eingeschobenen
651 1650 783 1685 satzen
821 1650 928 1686 einen

187 1697 463 1743 selbst'andigen
502 1697 603 1732 Satz:
648 1699 688 1732 id
723 1699 826 1733 velim
863 1710 927 1733 au-

186 1745 275 1779 dire.
326 1748 387 1789 24,
421 1749 463 1780 69
505 1745 580 1790 Quo
615 1745 758 1780 tandem
792 1746 928 1790 yaudto

187 1792 289 1834 affici
313 1803 447 1827 necesse
472 1797 522 1826 est
552 1793 728 1837 sapientis
753 1794 927 1836 animum,

185 1842 227 1873 ut
252 1849 331 1874 eum
357 1859 411 1873 —.
462 1839 565 1874 Haec
597 1841 773 1874 tractanti
799 1860 842 1865 -
868 1851 926 1874 eae-

188 1887 282 1920 stitit
318 1887 385 1921 illa
418 1907 460 1911 --
494 1888 661 1932 coynit'z'o.
713 1886 761 1920 IV
789 1891 850 1930 36,
884 1891 926 1922 77

189 1933 260 1967 Ira
297 1943 396 1976 vero,
438 1945 529 1978 quae
571 1934 745 1978 quamdiu
785 1938 928 1978 pertur-

188 1980 250 2015 bat
275 1981 345 2015 cet.

235 2028 339 2062 nulla
363 2028 523 2070 vincula,
548 2028 621 2072 vgl.
652 2032 705 2070 11,
732 2032 787 2062 33.

231 2075 347 2119 paulo
373 2078 468 2117 ante,
494 2079 550 2117 26,
579 2079 633 2109 75.

233 2122 310 2156 sine
335 2123 599 2164 retractatione,
624 2134 650 2157 s.
676 2122 691 2156 Ι
718 2126 774 2166 31,
803 2126 845 2157 76
871 2133 925 2157 ve-

185 2169 261 2202 m'et
286 2172 421 2213 tempus
448 2173 479 2204 et
503 2170 643 2214 quidem
668 2170 833 2204 velociter
856 2171 928 2205 sive

186 2217 400 2251 retractabis
424 2217 497 2251 sive
516 2217 743 2261 properabis.

236 2266 291 2297 83.
318 2264 412 2297 nihil
431 2264 513 2307 ipsa
531 2264 683 2305 iudicat,
703 2263 810 2298 keine
830 2263 927 2309 eige-

187 2320 260 2343 nen
285 2309 482 2344 Lehrsatze
510 2311 686 2345 aufstellt.

235 2357 296 2391 sed
343 2357 494 2392 habetur
542 2359 582 2391 in
631 2368 748 2392 omnes
791 2361 926 2401 partes,

187 2403 308 2438 nieht:
339 2404 431 2438 ‘sich
458 2404 524 2439 auf
545 2404 617 2439 alle
636 2404 737 2438 Teile
765 2404 830 2439 der
843 2405 927 2439 Phi-

187 2449 354 2495 losophie
393 2451 602 2494 erstreckt',
643 2451 799 2486 sondern
833 2452 927 2487 ‘sich

187 2499 284 2532 nach
316 2498 413 2533 allen
446 2497 570 2533 Seiten
601 2497 828 2542 hinwendet,
868 2499 926 2533 die

188 2543 391 2580 Ansichten
430 2546 523 2580 aller
560 2545 700 2580 andern
736 2545 924 2580 beur‘ceilt'

189 2591 234 2625 de
274 2591 371 2628 deor.
404 2594 478 2627 nat.
505 2593 520 2627 Ι
552 2597 589 2636 5,
626 2596 666 2626 11
703 2593 928 2637 propositum

188 2643 237 2673 est
262 2640 338 2674 veri
368 2641 570 2683 reperiendi
601 2650 712 2675 causa
745 2644 777 2675 et
801 2644 927 2675 contra

187 2696 307 2721 omnes
338 2687 568 2732 philosophos
601 2691 633 2722 et
661 2697 733 2731 pro
763 2688 927 2722 omnibus

188 2734 312 2769 dicere.

236 2781 280 2815 ab
312 2781 397 2816 aliis
424 2781 540 2826 possit
571 2782 653 2825 ipsa
679 2792 746 2825 per
776 2791 847 2816 sese
872 2782 926 2816 iu-

187 2827 324 2871 dicari,
362 2828 499 2863 ‘sodass
535 2828 628 2863 auch
661 2840 733 2864 von
764 2829 926 2864 anderen

1002 1462 1159 1505 werden,
1202 1462 1379 1497 beurteilt
1421 1463 1568 1497 werden
1614 1463 1741 1499 kann'.

1001 1508 1084 1553 Vgl.
1118 1509 1162 1542 de
1195 1509 1266 1545 div.
1292 1509 1327 1543 II
1361 1513 1420 1552 72,
1456 1514 1522 1544 150
1547 1511 1740 1554 proprium

1000 1557 1047 1590 sit
1073 1556 1290 1591 Academiae
1321 1557 1498 1592 iudicium
1531 1567 1636 1592 suum
1661 1557 1742 1592 nul-

1001 1603 1075 1637 lum
1100 1604 1342 1648 interponere,
1375 1615 1416 1638 ea
1446 1604 1618 1648 probare,
1650 1615 1741 1649 quae

1000 1651 1186 1685 simillima
1222 1652 1298 1685 veri
1333 1652 1544 1694 videantur,
1582 1652 1743 1694 conferre

1001 1708 1132 1732 causas
1158 1701 1189 1732 et
1219 1699 1308 1742 quid
1332 1699 1373 1733 irc
1397 1709 1572 1743 quamque
1602 1702 1742 1734 senten-

1001 1745 1090 1779 tiam
1121 1746 1196 1780 clici
1227 1746 1341 1789 possit
1377 1756 1596 1790 expromere,
1634 1746 1741 1780 ‘nulla

1000 1793 1166 1827 adhibita
1203 1803 1271 1827 sua
1308 1794 1521 1828 (luctoritate
1560 1793 1739 1828 iudicium

1000 1840 1227 1874 audientium
1258 1840 1455 1884 relinquere
1485 1841 1664 1885 intem-um
1700 1850 1742 1875 ac

1000 1887 1160 1922 liberum.
1212 1886 1246 1921 S.
1274 1887 1367 1922 Einl.
1395 1890 1414 1929 ξ
1443 1891 1496 1922 19.

1050 1933 1263 1977 Carneades,
1288 1946 1314 1969 s.
1342 1946 1371 1969 z.
1396 1934 1448 1968 III
1474 1937 1531 1978 22,
1557 1938 1612 1969 54.

1046 1982 1107 2016 sed
1132 1982 1164 2016 z's
1188 1985 1230 2015 ut
1254 1985 1381 2017 contra
1405 1981 1555 2024 Stoicos,
1580 1981 1614 2016 d.
1627 1982 1651 2016 i.
1680 1981 1741 2017 sed

1000 2028 1032 2062 is
1057 2029 1110 2062 ita
1141 2029 1225 2063 haec
1255 2029 1343 2074 emt,
1377 2031 1419 2063 ut
1449 2032 1576 2064 contra
1603 2028 1742 2064 Stoicos

1000 2085 1103 2119 ayere
1126 2076 1269 2110 solebat.

1047 2123 1218 2164 studiose,
1252 2122 1583 2158 leidenschaftlich.
1635 2123 1740 2158 Wes-

1001 2168 1088 2203 halb
1110 2169 1319 2204 Karneades
1346 2169 1480 2213 gerade
1507 2169 1565 2204 die
1590 2169 1738 2205 Stoiker

1001 2226 1040 2250 so
1068 2215 1186 2261 heftig
1212 2216 1349 2260 angriff
1371 2228 1398 2251 s.
1423 2229 1450 2251 z.
1484 2216 1534 2250 IV
1560 2220 1617 2260 24,
1643 2220 1698 2253 53.

1046 2273 1112 2298 nos
1148 2264 1289 2308 quidem
1325 2264 1428 2298 illud.
1478 2263 1583 2298 Aueh
1622 2263 1741 2299 dieser

1001 2309 1086 2345 Satz
1120 2310 1169 2345 ist
1202 2310 1506 2355 anakoluthisch‚
1542 2310 1638 2346 denn
1674 2311 1739 2346 der

1000 2357 1186 2393 Naehsatz
1219 2369 1284 2392 nos
1314 2358 1456 2402 quidem
1481 2359 1551 2393 cet.
1577 2357 1675 2403 passt
1699 2358 1738 2393 in

1000 2404 1064 2439 der
1098 2404 1209 2440 Form
1247 2404 1349 2439 nicht
1387 2417 1429 2439 zu
1465 2405 1548 2439 dem
1585 2405 1740 2441 Vorder-

1001 2453 1098 2486 satze
1125 2453 1296 2497 quoniam
1320 2452 1454 2487 videris
1480 2453 1548 2488 cet.
1600 2451 1740 2487 Unver-

1000 2499 1122 2534 merkt
1160 2499 1209 2533 ist
1246 2499 1310 2533 der
1347 2499 1529 2534 Nachsatz
1567 2499 1636 2534 mil:
1674 2498 1739 2534 der

1000 2546 1224 2581 Parenthese
1263 2546 1554 2588 versehmolzen,
1594 2558 1638 2580 zu
1675 2546 1740 2581 der

1001 2604 1039 2627 er
1071 2593 1155 2627 dem
1182 2593 1380 2628 Gedanken
1412 2593 1506 2628 nach
1538 2593 1576 2627 in
1605 2603 1739 2638 gegen-

1000 2640 1216 2675 satzlichem
1265 2640 1477 2675 Verbaltnis
1527 2640 1636 2675 steht.
1695 2661 1738 2666 —

999 2687 1067 2721 Die
1093 2687 1198 2722 Hdss.
1226 2687 1347 2722 haben
1379 2698 1444 2722 nos
1467 2688 1562 2722 illud
1586 2688 1739 2732 quidem,

1000 2734 1123 2769 sodass
1149 2745 1234 2768 man
1260 2734 1429 2769 zweifeln
1454 2734 1569 2778 kann,
1602 2735 1649 2770 ob
1673 2745 1738 2770 'nos

998 2782 1141 2825 quidem
1171 2782 1266 2816 illud
1298 2781 1386 2816 oder
1415 2792 1480 2817 reos
1513 2783 1608 2817 illud
1645 2782 1738 2817 idem

997 2840 1039 2862 zu
1066 2829 1166 2864 lesen
1192 2829 1254 2863 sei.
