1833 3098
157 115 240 157 160
648 112 1213 149 STELLEN-VERZEIOHNIS.

815 246 862 283 V.
894 247 1049 284 Bueh.

269 316 293 366 ἓ
323 319 359 356 6.
384 318 528 365 primis
559 318 608 355 sit
635 315 800 354 Hdsohr.
831 336 880 342 —-
902 318 1047 363 primis
1079 319 1140 353 est.
1206 317 1270 353 12.
1303 319 1371 354 aut
1395 318 1460 363 qui
1484 318 1583 355 male
1607 319 1711 357 vivat

148 387 228 414 non
259 374 343 414 eum
373 378 555 414 miserum
586 376 706 413 dicere
737 375 832 412 lasst
863 374 999 412 Baiter
1031 387 1127 423 weg.
1195 375 1257 412 16.
1290 375 1433 421 ficttiles
1463 374 1630 414 Hdsehr.
1652 396 1709 403 —-

149 435 290 482 futiles.
354 436 418 472 17.
452 445 548 481 quac
579 435 711 480 cuique
740 432 908 471 Hdsehr.
940 454 988 458 —
1022 444 1273 481 quaecunque.
1337 434 1404 471 20.
1436 434 1511 480 fuit
1541 433 1708 475 Hdschr.

148 514 206 519 ——
238 494 381 541 fuisset.
446 494 511 531 33.
545 496 625 530 tum
655 492 757 529 volui
787 495 831 529 ut
860 491 987 529 Heine
1014 512 1068 518 —-
1095 495 1175 528 tum
1201 494 1253 529 ut.
1309 495 1517 538 poneretur
1541 492 1710 543 Bentley

151 573 202 579 —
224 555 392 600 poneret.
457 552 525 589 35.
557 552 623 588 ain
649 551 715 588 tu?
747 551 858 588 aliter
890 549 1015 588 Orelli
1045 571 1092 576 —
1124 561 1175 588 an
1207 553 1245 587 tu
1282 550 1403 588 aliter.
1468 552 1533 589 36.
1559 549 1628 599 [ex
1653 553 1707 590 al-

149 613 267 649 terius
308 607 469 657 eventis]
509 608 647 647 Heine.
719 608 778 645 hic
817 610 971 656 sapiens
1010 609 1106 646 lesst
1143 608 1280 645 Baiter
1321 619 1404 647 aus.
1474 610 1515 647 in
1554 620 1594 648 se
1628 611 1710 658 ipse

150 668 317 706 Hdsehr.
348 689 398 694 —
432 669 474 706 in
505 679 545 705 sc
575 669 670 714 ipso.
733 667 797 704 37.
832 670 865 704 et
895 669 988 705 cites
1018 667 1113 704 lessi
1138 666 1276 704 Baiter
1307 679 1387 705 aus.
1451 670 1635 714 quantum
1666 671 1709 707 in

148 729 245 775 ipsis
275 728 325 765 sit
354 725 522 764 Hdsehr.
560 746 607 751 —
643 728 829 772 quantum
858 727 901 763 in
930 727 1026 772 ipsis
1058 729 1120 763 est.
1183 726 1249 763 38.
1281 725 1340 763 his
1371 725 1537 763 Hdsehr.
1565 747 1620 752 —
1649 728 1708 766 iis.

149 787 216 824 40.
238 786 469 833 compleatur
488 784 691 832 Wopkens
713 804 768 809 —-
789 784 994 831 completur
1019 779 1293 834 (complectitur
1319 779 1504 836 Hdschr.)
1567 786 1635 823 42.
1656 789 1710 824 est

147 845 382 883 moderatrix
407 843 533 881 Heine
564 863 611 868 —
641 843 691 880 sit
720 842 963 879 moderatrix.
1027 844 1092 880 43.
1121 854 1206 879 cum
1237 844 1365 880 omnia
1392 854 1437 880 ea
1465 863 1515 869 —-
1536 848 1711 891 paynent

149 901 319 951 Seyffert
364 923 421 929 -—
468 913 565 948 quae
605 901 733 937 omnia
769 919 818 924 —
846 902 1026 947 puynant
1072 895 1135 950 (ea
1175 900 1276 937 fehlt
1317 901 1358 936 in
1395 900 1471 937 den
1508 898 1707 952 Hdsehr.).

147 962 216 999 49.
247 972 306 998 me
343 961 592 1008 aequiperare
629 957 753 996 Orelh'
791 978 845 983 ——
885 959 1143 1004 aequiperare.
1214 958 1279 994 54.
1313 969 1338 994 a
1374 956 1522 1006 [bono]
1559 961 1710 998 consule

148 1018 276 1056 Heine
298 1039 353 1044 —
375 1030 400 1057 a
425 1020 519 1056 bono
545 1017 706 1055 consule.
768 1017 834 1054 55.
861 1016 1026 1054 consulis
1050 1016 1263 1053 klammert
1289 1014 1426 1054 Baiter
1452 1016 1527 1056 ein.
1584 1018 1649 1055 59.
1677 1021 1711 1056 et

141 1080 454 1125 perscrutaretur
485 1077 581 1114 liisst
605 1075 743 1113 Baiter
775 1087 857 1112 aus.
921 1075 986 1112 61.
1019 1086 1106 1121 opes
1132 1095 1186 1100 —
1213 1072 1358 1122 [opes].
1423 1076 1488 1114 63.
1521 1077 1708 1123 trayicum

149 1138 362 1184 accepimus
387 1135 549 1173 Ernesti
570 1155 622 1160 ——
645 1135 842 1181 traqicum.
907 1133 974 1171 65.
999 1131 1288 1180 Aqrayentinas
1314 1133 1486 1182 Seyffert
1510 1153 1559 1159 —-
1581 1132 1709 1182 Ayra-

145 1196 298 1243 yianas.
371 1195 435 1232 66.
468 1192 661 1241 Arpinate
697 1191 863 1229 Hdsehr.
901 1212 949 1217 —-
984 1190 1182 1239 Arpinati.
1256 1193 1414 1230 iniuriis
1450 1191 1617 1231 Hdschr.
1650 1211 1708 1220 -—

147 1255 188 1291 in
213 1254 378 1292 iniuriis.
433 1253 497 1291 68.
517 1252 862 1300 fuqicndarumque
883 1249 1050 1288 Hdschr.
1077 1271 1124 1275 —
1147 1251 1474 1298 fuyiendarumvc.
1527 1253 1592 1290 70.
1613 1263 1708 1289 com-

140 1313 297 1359 pleatur
328 1311 495 1349 Hdsehr.
533 1331 581 1336 —
618 1310 832 1357 completur.
894 1310 999 1347 illius
1032 1311 1290 1347 aeternitatem
1319 1310 1498 1347 imitandi
1537 1308 1708 1359 Seyffert

149 1391 200 1396 —
234 1371 341 1408 illius
378 1371 612 1408 aeternitatis
647 1369 836 1406 imitandi.
905 1368 1137 1405 conlocatam
1174 1367 1342 1405 Hdsehr.
1379 1388 1428 1393 —-
1464 1369 1707 1406 conlocatum.

149 1431 215 1467 74.
247 1430 499 1476 voluptatium
525 1427 693 1465 Hdsehr.
726 1448 773 1453 ——
802 1427 1047 1473 voluptatum.
1113 1427 1177 1464 78.
1212 1428 1420 1463 communis
1445 1438 1580 1464 earum
1611 1426 1709 1465 Geel

145 1500 175 1525 z.
201 1487 277 1524 Dio
305 1486 507 1536 Chrysost.
535 1485 690 1534 Olymp.
716 1499 752 1533 p.
781 1486 865 1523 340
899 1505 951 1509 —-
987 1487 1094 1522 cuius
1125 1495 1270 1522 earum.
1334 1486 1400 1522 82.
1432 1485 1628 1522 molosiam
1657 1487 1708 1522 sit

148 1545 318 1583 Hdsehr.
342 1566 391 1571 —
414 1546 610 1583 molestum
631 1547 692 1582 est.
745 1545 812 1581 85.
845 1544 973 1580 dicant
992 1542 1158 1580 Hdschr.
1189 1563 1238 1568 ——
1268 1544 1406 1581 dicunt.
1464 1543 1591 1590 adepti
1621 1545 1710 1580 sunt

148 1604 315 1642 Hdsehr.
349 1625 406 1630 —
437 1605 564 1651 adepti
600 1605 686 1641 sint.
764 1603 831 1640 87.
863 1603 995 1644 minis,
1040 1602 1309 1639 blandimentis
1345 1601 1472 1638 Heine
1506 1622 1560 1626 —
1592 1603 1708 1640 minis

148 1666 216 1701 aut
241 1664 509 1701 blandimentis
534 1657 723 1714 (minimis
748 1661 1016 1698 blandimentis
1041 1655 1228 1712 Hdsehr.)
1293 1661 1358 1698 90.
1377 1662 1560 1707 poterunt
1585 1658 1710 1698 Orelh'

147 1741 202 1747 ——
228 1724 448 1770 potuerunt.
521 1722 615 1758 102.
654 1723 687 1757 et
725 1720 864 1757 tabulis
901 1720 1027 1757 studes
1059 1718 1232 1767 Seyffert
1271 1713 1324 1770 (ct
1354 1730 1432 1756 von
1463 1718 1709 1769 Wesenberg

145 1776 422 1832 hinzugefiigt)
449 1780 588 1817 tabulis
619 1779 730 1817 ludis.
773 1790 888 1825 quam
911 1779 1053 1825 paucis
1083 1777 1178 1815 lttss‘n
1210 1777 1348 1815 Baiter
1374 1789 1456 1815 aus.
1503 1778 1598 1816 106.
1624 1789 1707 1815 con-

147 1840 347 1877 temnenda
371 1840 546 1886 sapienti,
571 1838 693 1885 paulo
725 1837 852 1874 Heine
881 1857 933 1866 —-
963 1837 1243 1879 contemnenda,
1268 1837 1392 1884 paulo
1420 1831 1709 1889 (contemnenda

145 1899 243 1935 sicut
267 1898 392 1946 apollo
417 1893 616 1948 Hdsehr.).
679 1897 774 1934 107.
809 1895 1077 1938 Clitomachus,
1109 1895 1218 1933 Philo
1243 1894 1466 1938 Antiochus,
1497 1895 1709 1933 Panaetius

145 1956 374 1994 Posidonius
410 1956 535 1993 Heine
568 1955 705 1993 Jahrb.
742 1956 851 1992 1862
890 1968 927 2003 p.
955 1955 1036 1992 201
1081 1974 1130 1979 -
1170 1954 1397 1997 Panaetius,
1437 1952 1706 1997 Clitomachus,

145 2015 273 2058 Philo,
312 2013 539 2057 Antiochus,
576 2014 815 2051 Posidonius.
887 2015 982 2051 112.
1015 2016 1068 2051 cst
1103 2013 1143 2050 id
1179 2014 1327 2060 quidem
1366 2012 1536 2061 Seyffert
1571 2032 1621 2038 —
1656 2015 1710 2051 est

147 2074 308 2120 quidem.
389 2075 482 2111 116.
527 2084 725 2119 omnesque
770 2074 855 2110 item
897 2083 967 2109 nos
1009 2071 1256 2119 Wesenberg
1299 2091 1354 2096 —
1399 2082 1596 2117 omnesque
1638 2082 1708 2109 nos

148 2127 365 2183 (omnesque
395 2132 437 2169 id
467 2143 535 2169 nos
566 2125 763 2182 Hdsohr.)
831 2132 924 2168 117.
957 2131 1136 2177 quoniam
1162 2130 1311 2176 quidem
1335 2140 1438 2167 mors
1464 2132 1517 2167 est
1542 2129 1701 2167 Wesen-

146 2191 246 2240 berg
281 2211 329 2217 —
366 2192 547 2237 quoniam
576 2202 679 2228 mors
713 2190 847 2227 ibidem
879 2192 940 2226 cst.
1007 2189 1099 2226 119.
1133 2189 1283 2226 iudicas
1316 2187 1486 2237 Seyffert
1512 2208 1566 2214 ·—
1585 2190 1707 2236 putas

148 2243 271 2300 (vides
308 2243 508 2301 Hdsehr.).
583 2251 675 2286 121.
702 2248 965 2296 philosophiae
1001 2248 1223 2293 scriptiones
1260 2246 1411 2284 Nonius
1455 2267 1503 2272 ——
1537 2247 1704 2294 philoso-

139 2308 243 2355 phas
274 2310 505 2355 scriptiones.

737 2522 1113 2558 Druckfehler.

537 2583 552 2617 I
580 2581 614 2617 S.
643 2586 685 2617 77
713 2583 748 2616 Ζ.
778 2587 793 2616 1
824 2582 892 2616 lies
917 2582 1041 2617 haberi
1067 2582 1157 2616 statt
1182 2581 1320 2616 habere.
