1790 3103
163 117 220 158 84
693 117 742 152 Μ.
770 117 931 152 TULLII
957 114 1210 151 CICERONIS

164 229 244 265 sive
289 226 485 279 voluptas,
530 228 608 265 sive
653 227 794 266 horum
840 232 1052 277 utrumque
1098 226 1371 276 coniunctum,
1417 226 1496 263 sive
1539 227 1614 264 tria
1657 225 1722 265 illa

164 297 307 336 genera
338 284 552 337 bonorum,
584 292 731 337 tamen,
765 287 881 324 etiam
920 286 953 323 si
991 285 1147 323 virtutis
1185 285 1309 334 ipsius
1347 283 1616 323 vehementior
1655 284 1721 323 ad-

163 345 312 395 petitus
344 345 411 395 sit,
444 344 579 383 eadem
612 346 663 383 sit
703 344 886 382 omnibus
925 343 972 381 ad
1010 342 1292 381 deterrendum
1331 341 1550 380 adhibenda
1587 344 1725 381 oratio.
1782 374 1783 377 ,

165 402 349 441 Continet
387 408 516 442 autem
562 416 719 441 omnem
764 402 1004 441 sedationem
1050 402 1167 439 animi
1211 401 1380 439 humana
1424 402 1464 439 in
1509 409 1724 452 conspectu

164 463 290 512 posita
323 466 479 513 natura,
513 474 611 512 quae
645 474 722 512 quo
756 461 908 499 facilius
942 472 1127 511 expressa
1160 465 1364 512 cernatur,
1401 459 1628 510 explicanda
1665 465 1725 499 est

105 529 149 561 63
166 521 341 559 oratione
375 522 594 558 communis
628 519 799 558 conditio
831 519 972 570 lexque
1006 520 1118 557 vitae.
1180 518 1317 569 Itaque
1356 530 1435 556 non
1474 520 1558 557 sine
1596 530 1725 571 causa,

165 591 255 617 cum
287 579 468 617 Orestem
501 578 671 616 fabulam
704 578 865 616 doceret
891 577 1118 629 Euripides,
1152 578 1299 629 primos
1332 582 1413 615 tres
1445 589 1583 616 versus
1615 589 1725 616 revo-
1788 575 1790 592 ⁵

164 649 273 676 casse
306 638 451 676 dicitur
485 636 686 675 Socrates:
1788 643 1790 652 ¹

382 708 515 755 Neque
547 706 628 745 {cim
661 708 854 747 terribilis
889 706 968 745 nlla
998 706 1127 755 fando
1159 705 1292 745 orcitio
1325 712 1383 745 est

376 778 451 805 nec
482 765 570 805 so‘rs
602 778 677 804 mee
710 769 775 804 ira
808 765 996 805 caelitum
1029 765 1228 804 invecldm
1261 768 1424 813 malum,

377 826 486 872 quod
516 825 592 863 no'n
627 830 778 863 natura
811 823 988 863 humo'ma
1017 826 1210 873 patiendo
1244 824 1412 873 e'cserat.

163 896 234 934 Est
273 900 403 934 autem
447 895 554 933 utilis
600 895 646 933 ad
684 894 1004 945 persuadendum
1042 907 1103 945 ea,
1142 907 1241 945 quae
1280 894 1513 947 acciderint,
1551 895 1647 934 ferri
1685 901 1725 934 et

163 966 278 1005 posse
312 960 351 992 et
383 958 566 1003 oportere
600 954 843 991 enumeratio
883 965 1039 1004 eorum,
1078 954 1145 1003 qui
1183 953 1370 991 tulerunt.
1433 953 1518 991 Etsi
1558 955 1725 1004 aegritu-

164 1013 267 1051 dinis
300 1012 449 1050 sedatio
482 1017 520 1050 et
551 1011 736 1050 hesterna
769 1012 1034 1062 disputatione
1067 1011 1257 1061 explicata
1296 1018 1356 1049 est
1394 1016 1433 1049 et
1471 1013 1511 1049 in
1544 1011 1727 1050 Consola-

164 1072 283 1109 tionis
326 1070 445 1121 libro,
489 1082 607 1120 quem
650 1071 689 1108 in
736 1070 865 1108 medio
899 1092 953 1096 *
987 1082 1066 1108 non
1105 1071 1210 1107 enim
1250 1071 1447 1121 sapientes
1483 1082 1639 1109 eramus
1670 1092 1729 1098 —

164 1141 343 1168 maerore
389 1134 428 1167 et
472 1128 606 1167 dolore
645 1130 972 1180 conscripsimUS,
1018 1128 1201 1179 quodque
1240 1134 1344 1167 vetat
1382 1128 1642 1181 Chrysippus,
1680 1129 1727 1168 ad

164 1193 347 1227 recentes
380 1189 492 1238 quasi
524 1193 699 1226 tumores
732 1189 850 1226 animi
882 1188 1100 1226 remedium
1133 1186 1336 1239 adhibere,
1375 1187 1414 1225 id
1453 1200 1524 1226 nos
1562 1188 1727 1227 fecimus
1789 1204 1790 1218 ἢ

165 1253 407 1297 naturaeque
439 1247 515 1284 vim
548 1246 768 1297 attulimus,
802 1252 845 1285 ut
876 1246 1138 1296 magnitudini
1164 1246 1381 1285 medicinae
1409 1246 1555 1285 doloris
1580 1248 1728 1297 magni-
1789 1241 1790 1269 ³

165 1306 260 1344 tudo
293 1305 539 1343 concederet.

94 1349 151 1430 {2
287 1364 363 1402 Sed
403 1364 656 1414 aegritudini,
701 1364 747 1402 de
788 1375 862 1414 qua
902 1365 995 1402 satis
1034 1369 1094 1402 est
1131 1363 1390 1415 disputatum,
1435 1364 1624 1402 finitimus
1669 1369 1729 1402 est

984 1464 1063 1499 dass
1098 1464 1176 1499 sich
1204 1465 1292 1499 kein
1317 1465 1409 1499 Leid
1442 1464 1587 1499 denken
1617 1465 1726 1509 lasse,

211 1466 284 1500 sive
302 1466 429 1500 horum
454 1468 646 1509 utrumque
665 1466 910 1507 coniunctum,

987 1512 1052 1546 das
1079 1512 1151 1546 den
1176 1512 1378 1546 Menschen
1403 1511 1507 1546 nicht
1531 1510 1637 1546 brafe.

165 1512 235 1547 wie
256 1512 459 1556 Kalliphon
479 1512 554 1546 und
575 1512 825 1546 Dinomachus
847 1523 909 1546 an-

164 1560 341 1641 ᾙὲᾕῑῗῗὲ,
381 1572 406 1594 s.
434 1559 467 1594 V
494 1563 556 1603 30,
582 1562 636 1595 85.
691 1559 735 1593 de
766 1558 823 1593 off.
857 1559 909 1593 ΠΙ

165 1612 185 1641 3
219 1635 227 1650 ,
328 1635 334 1640 .

211 1666 284 1700 sive
321 1666 396 1700 tria
439 1666 506 1700 illa
549 1676 679 1709 yenera
724 1666 910 1707 bonorum,

163 1712 329 1746 namlich
349 1713 516 1757 Tugend,
541 1713 710 1756 Vorziige
732 1711 797 1746 des
818 1712 909 1746 Kor-

164 1770 247 1804 pers
268 1758 345 1793 und
366 1759 509 1794 {iussere
531 1759 664 1803 Gfiter,
692 1759 760 1793 wie
781 1759 909 1793 Antio-

165 1807 272 1850 chus,
317 1806 559 1851 ankniipfend
604 1817 651 1840 an
689 1805 910 1840 Aristoteles

164 1854 238 1888 und
264 1853 390 1897 Plato,
417 1853 548 1889 lehrte.
601 1854 635 1889 S.
663 1853 695 1886 V
722 1857 760 1896 8,
788 1857 842 1887 23.

211 1913 373 1946 humana
397 1916 553 1955 natura,
584 1911 749 1946 insofern
781 1923 818 1946 es
853 1911 911 1946 ihr

165 1959 307 2003 gemass
333 1959 399 2002 ist,
425 1959 504 1993 sich
530 1960 615 1993 dem
642 1958 701 1993 die
719 1959 823 1993 Wel‘c
848 1958 911 1992 be-

164 2006 438 2040 herrschenden
465 2006 597 2040 Gesetz
627 2005 737 2048 ruhig
770 2018 811 2039 zu
845 2017 910 2039 un-

164 2053 361 2087 terwerfen
386 2053 461 2087 und
496 2053 560 2087 das
586 2052 909 2087 Unvermeidliche

165 2100 234 2134 mit
259 2100 397 2135 Wiirde
426 2113 469 2134 zu
494 2101 635 2144 tragen.

212 2169 396 2203 expressa,
430 2170 455 2192 s.
490 2171 518 2192 z.
545 2158 596 2192 III
629 2162 667 2201 2,
700 2162 720 2192 3
754 2159 910 2192 eminens

165 2206 310 2250 cffiyies.

214 2257 270 2286 63.
296 2263 494 2287 revocasse:
515 2253 563 2287 da
582 2263 674 2297 capo
695 2252 908 2297 verlangen.

213 2310 337 2355 Neque
380 2315 454 2345 tam
502 2311 695 2353 terribilis,

167 2358 226 2392 Or.
257 2362 293 2391 1:

168 2402 249 2439 Οὐκ
277 2403 376 2439 ἔστιν
403 2401 517 2439 οὐδὲν
543 2401 671 2439 δεινὸν
698 2399 765 2438 ὧδ’
789 2404 910 2439 εἰπεῖν

664 2450 751 2491 ἔπος

167 2495 257 2533 οὐδὲ
296 2495 440 2542 πάθος,
479 2495 567 2532 οὐδὲ
607 2496 780 2542 συμφορά
817 2497 909 2542 θεή-

663 2548 787 2589 latos,

166 2587 210 2636 ἧς
236 2589 306 2626 οὐκ
332 2589 379 2626 ἂν
405 2589 531 2636 ἅραιτ
555 2589 675 2637 ἄχθος
701 2574 908 2635 ἆνθρωπου

663 2636 784 2683 φύσις.

166 2676 350 2730 Ubrigens
382 2686 449 2720 hat
482 2686 573 2728 Cic.
608 2686 696 2720 oder
729 2686 910 2721 vielmehr

168 2733 366 2777 Chr3sipp,
399 2744 471 2767 von
506 2733 590 2767 dem
620 2732 691 2767 Cic
720 2733 791 2768 den
817 2733 909 2767 Veis

168 2782 406 2814 entnommen
431 2780 513 2823 hat,
542 2780 611 2813 den
627 2780 781 2815 worten
802 2780 909 2814 einen

167 2827 329 2861 anderen
358 2827 447 2861 Sinn
482 2827 736 2872 untergeleg‘c,
769 2827 823 2861 als
857 2828 908 2861 sie

167 2874 304 2914 bahem
345 2874 442 2909 denn
480 2873 674 2918 Euripides
714 2875 796 2918 sagt
829 2885 908 2917 nur,

748 2322 777 2346 c.
824 2311 908 2345 Eur.
930 2324 934 2325 ⁷

1034 1559 1149 1601 samio
1180 1558 1231 1592 ist
1261 1558 1390 1602 Dativ,
1429 1559 1495 1592 der
1532 1569 1578 1592 an
1613 1558 1728 1593 stelle

987 1606 1051 1640 des
1079 1605 1257 1650 Supinum
1284 1605 1373 1641 oder
1407 1605 1471 1640 des
1503 1604 1730 1640 Gerundium

987 1653 1056 1687 mit
1081 1653 1130 1687 acl
1156 1653 1265 1687 steht.
1316 1653 1410 1688 Plin.
1432 1653 1468 1687 h.
1489 1665 1522 1686 n.
1543 1652 1630 1687 XIII
1649 1656 1668 1695 ξ
1684 1656 1727 1687 76

982 1700 1128 1734 inutilis
1164 1700 1362 1735 scribendo.
1397 1720 1440 1724 -
1472 1699 1589 1734 Keine
1626 1699 1727 1735 Rede

983 1747 1032 1781 ist
1058 1758 1097 1781 so
1124 1746 1355 1781 schrecklich
1390 1758 1433 1780 zu
1462 1757 1594 1791 sagen,
1631 1746 1664 1780 d.
1691 1746 1727 1782 h.

985 1806 1022 1828 es
1045 1793 1132 1828 lasst
1152 1793 1231 1828 sich
1252 1794 1375 1828 nichts
1395 1804 1434 1829 so
1456 1793 1728 1829 schreckliches

984 1852 1107 1885 sagen.

1027 1889 1202 1932 patiendo
1248 1887 1398 1930 ecferat,
1441 1888 1558 1922 durch
1597 1887 1729 1922 stand-

982 1934 1186 1980 haftigkeit
1219 1934 1445 1969 fiberwinde.
1494 1934 1640 1969 Ebenso
1678 1934 1728 1968 ist

983 1983 1115 2025 ecferre
1158 1982 1364 2026 gebraucht
1405 1980 1467 2016 bei
1504 1981 1638 2016 Accius
1684 1982 1726 2025 (S.

983 2030 1199 2063 Lachmann
1230 2030 1336 2063 Lucr.
1364 2028 1399 2061 H
1424 2040 1458 2072 p.
1486 2029 1545 2072 ⁶26)
1571 2029 1605 2062 si
1629 2028 1726 2063 labo-

983 2088 1055 2110 rem
1068 2087 1208 2110 summa
1222 2087 1302 2109 cum
1317 2086 1407 2109 cura
1421 2075 1554 2117 ecferas
1573 2076 1728 2110 nullum.

1030 2124 1113 2165 etsi,
1143 2122 1333 2156 ‘freilich’‚
1385 2121 1420 2156 S.
1447 2133 1474 2154 z.
1502 2123 1554 2156 III
1580 2125 1641 2166 34,
1669 2125 1726 2156 82.

1032 2170 1309 2204 Consolationis.
1363 2169 1397 2204 S.
1424 2181 1450 2203 z.
1479 2168 1495 2202 Ι
1521 2172 1583 2212 26,
1612 2173 1668 2204 65.
1789 2185 1790 2210 g

1030 2220 1125 2251 vetat
1152 2237 1194 2241 —
1222 2216 1408 2258 adhibere,
1437 2216 1502 2250 der
1527 2215 1643 2250 blosse
1669 2216 1729 2250 In-
1789 2214 1790 2217 ’

983 2264 1103 2298 finitiv
1128 2263 1190 2298 bei
1215 2266 1352 2305 vetare,
1384 2274 1440 2297 wo
1468 2262 1534 2296 das
1568 2262 1727 2307 Subjekt

985 2311 1051 2345 das
1072 2310 1294 2355 allgemeine
1314 2309 1521 2345 Pronomen
1540 2308 1601 2344 ist.
1639 2309 1725 2354 Vgl.
1789 2337 1790 2348 ,

982 2359 1034 2392 ΠΙ
1060 2361 1078 2399 ἓ
1105 2362 1149 2392 60
1182 2358 1349 2392 admonet
1374 2368 1444 2392 esse
1468 2357 1654 2391 hominem.
1683 2376 1727 2381 —
1789 2369 1790 2383 π

984 2406 1032 2439 ad
1057 2408 1210 2439 recentes
1236 2406 1305 2439 cet.
1317 2404 1424 2448 ,.vgl
1441 2403 1728 2445 111§76.Den-

985 2452 1111 2486 selben
1144 2451 1347 2486 Gedanken
1385 2452 1452 2485 hat
1489 2450 1586 2484 Plut
1627 2461 1726 2486 cons.

984 2498 1031 2533 ad
1059 2498 1180 2542 Apoll.
1210 2504 1227 2533 1
1256 2495 1345 2532 οὐδὲ
1379 2494 1450 2541 γὰρ
1484 2495 1522 2532 οἴ
1547 2497 1727 2556 βέλτιστοι

983 2546 1055 2579 τῶν
1083 2545 1221 2588 ἰατρῶν
1247 2542 1339 2587 πρὸς
1364 2541 1512 2601 ἀθρόας
1542 2545 1616 2578 τῶν
1642 2542 1727 2589 ῥἐυ-

982 2590 1108 2636 μάτων
1130 2589 1315 2647 ἐπιφορὰς
1336 2588 1455 2631 εὐθὺς
1474 2589 1726 2635 προςφέρουσι
1788 2606 1790 2611 ·

982 2637 1048 2678 τὰς
1080 2636 1143 2674 δια
1177 2640 1250 2673 τῶν
1286 2636 1517 2691 φαρμάκων
1532 2639 1726 2682 βοηθείας,
1788 2674 1790 2678 Α

982 2682 1062 2720 ἄλλ
1094 2683 1182 2720 ἐῶσι
1207 2683 1248 2720 τὸ
1279 2687 1443 2743 βαρῦνον
1476 2685 1540 2728 τῆς
1566 2687 1727 2730 φλεγμο-

982 2733 1048 2791 νῆς
1068 2731 1131 2766 διὰ
1153 2733 1218 2777 τῆς
1244 2735 1316 2767 τῶν
1339 2732 1482 2774 ἔξωθεν
1505 2729 1724 2776 ἐπιχρίστων

983 2776 1190 2819 ἐπιθέσεως
1225 2777 1317 2814 αὐτὸ
1356 2776 1408 2813 δι’
1445 2775 1563 2813 αυτοῦ
1595 2781 1724 2825 λαβεῖν
1789 2785 1790 2811 1

983 2825 1110 2868 πέψιν.
1161 2826 1245 2871 Vgl
1272 2826 1365 2860 Plin.
1394 2837 1449 2871 ep.
1471 2826 1503 2859 V
1526 2829 1724 2870 16,11.-
1788 2817 1790 2848 ἶ

982 2877 1154 2915 twnorcs,
1181 2886 1207 2908 s.
1233 2886 1260 2908 z.
1288 2873 1339 2907 III
1367 2877 1384 2915 ξ
1413 2877 1467 2907 46.
