1790 3103
181 84 235 124 74
696 82 745 118 M.
771 81 934 116 TULLII
960 81 1212 117 CICERONIS

180 193 333 232 videtur
366 193 440 243 eis,
480 193 547 242 qui
579 193 830 242 Ignominiam
863 197 901 230 et
933 191 1129 230 infamiam
1162 191 1295 230 ferunt
1327 192 1410 229 sine
1443 190 1595 241 dolore3
1635 202 1735 230 mor-

179 252 264 289 deri
302 256 363 289 est
399 250 540 289 melius
578 251 830 289 conscientia.
892 249 948 288 Ex
987 261 1063 300 quo
1103 256 1161 287 est
1200 249 1293 287 illud
1328 261 1347 287 e
1382 250 1458 287 vita
1496 248 1658 287 ductum
1689 249 1736 288 ab

180 309 349 348 Afranio.
412 308 509 347 Nam
541 321 630 347 cum
663 308 877 347 dissolutus
910 308 1030 346 filius:

238 379 326 418 Hezi
360 391 420 418 me
452 381 662 418 me'sermn!

180 456 262 488 tum
296 461 457 487 severus
490 455 618 500 pater:

682 518 784 557 Dum
817 519 931 556 modo
965 519 1097 555 doleas
1129 515 1295 564 aliquid,
1329 518 1461 555 doleat
1492 515 1709 564 que‘dlubet.

119 600 165 629 40
180 589 364 640 Reliquas
397 600 553 639 quoque
592 594 724 639 partes
763 588 1017 638 aegritudinis
1056 586 1172 624 utiles
1205 598 1291 624 esse
1325 585 1478 638 dicunt,
1517 587 1738 625 misericor-

147 1328 164 1358 ·—1
144 1279 162 1315 >u

180 649 282 687 diam
314 648 361 686 ad
399 659 514 698 opem
553 646 752 685 serendam
791 653 829 685 et
861 646 1061 684 hominum
1094 644 1344 695 indignorum
1378 644 1616 683 calamitates
1649 644 1738 683 sub-

179 706 378 757 levandas3
418 707 547 756 ipsum
586 704 680 743 illud
720 704 923 756 aemulari,
962 703 1183 742 obtrectare
1223 715 1300 741 non
1335 715 1421 741 esse
1453 703 1611 755 inutile,
1650 715 1740 742 cum

180 771 246 803 aut
285 776 326 802 se
365 776 443 802 uon
481 764 583 802 idem
617 763 744 802 videat
782 768 1038 802 consecutum
1078 761 1182 812 quod
1220 761 1338 800 alium
1376 768 1444 800 aut
1481 761 1599 800 alium
1636 761 1740 800 idem
1788 771 1790 775 ·

181 822 283 874 quod
318 835 376 874 se3
409 828 558 861 metum
590 834 681 860 vero
722 824 755 860 si
794 823 860 872 qui
900 821 1143 872 sustulisset,
1176 832 1332 859 omnem
1364 821 1463 859 vitae
1497 820 1739 871 diligentiam

180 881 373 921 sublatam
406 881 501 932 fore,
535 892 633 931 quae
667 892 817 919 summa
852 885 955 918 esset
986 880 1025 917 in
1054 881 1121 930 eis,
1154 880 1221 930 qui
1247 878 1352 929 leges
1383 880 1450 930 qui
1478 880 1741 930 magistratuS,

182 942 248 991 qui
280 945 553 991 paupertatem
587 940 653 989 qui
684 939 957 990 ignominiam,
996 939 1063 988 qui
1101 942 1286 989 mortem,
1324 939 1391 988 qui
1423 937 1598 976 dolorem
1630 938 1742 976 time-

181 1004 280 1037 rent.
343 998 447 1036 Haec
480 1003 610 1035 tamen
642 998 695 1034 ita
728 996 929 1047 disputant
960 1002 1003 1034 ut
1035 996 1248 1034 resecanda
1275 1008 1361 1034 esse
1389 996 1596 1047 fateantur,
1629 995 1741 1034 evelli

181 1058 338 1108 penitus
371 1056 502 1093 dicant
533 1067 605 1093 nec
639 1067 754 1106 posse
787 1067 859 1093 nec
893 1066 991 1106 opus
1024 1066 1122 1105 esse,
1157 1059 1196 1092 et
1228 1055 1266 1092 in
1300 1053 1481 1092 omnibus
1515 1054 1596 1092 sere
1623 1053 1742 1092 rebus

182 1114 491 1153 mediocritatem
543 1125 629 1151 esse
680 1118 879 1164 optumam
930 1113 1164 1151 existiment.
1229 1112 1337 1158 Quae
1387 1124 1476 1151 cum
1529 1117 1742 1164 exponunt,

182 1173 329 1212 nihilne
368 1171 439 1211 tibi
472 1172 654 1210 videntur
693 1184 739 1209 an
773 1172 918 1222 aliquid
951 1169 1111 1210 dicere?
1174 1173 1217 1209 Α.
1256 1171 1349 1209 Mihi
1382 1183 1473 1209 vero
1507 1171 1638 1210 dicere
1677 1170 1742 1209 ali-

183 1232 297 1283 quid3
328 1233 459 1282 itaque
494 1236 692 1283 exspecto,
725 1230 817 1281 quid
850 1230 895 1268 ad
929 1232 1014 1269 ista.

300 1291 354 1328 M.
386 1290 594 1340 Reperiam
627 1290 810 1340 fortasse7
850 1289 917 1327 sed
950 1288 1044 1327 illud
1077 1295 1178 1327 ante.
1240 1288 1407 1327 Videsne
1446 1294 1590 1339 quanta
1622 1288 1743 1326 fuerit

182 1349 282 1400 apud
324 1349 577 1387 Academicos
619 1345 884 1386 verecundia?
945 1347 1062 1385 Plane
1105 1348 1207 1385 enim
1249 1347 1385 1386 dicunt
1428 1346 1532 1398 quod
1571 1346 1618 1385 ad
1658 1358 1742 1384 rem

230 1473 320 1517 Kap.
348 1472 411 1508 20.
463 1476 518 1507 45.
554 1472 596 1506 L.
623 1472 828 1514 Afranius,
861 1483 925 1507 aus

182 1521 246 1556 der
279 1519 358 1554 Zeit
392 1520 487 1553 nach
523 1519 607 1553 dem
643 1518 783 1553 dritten
816 1519 924 1563 puni-

999 1472 1111 1553 }iIeItcgn
1135 1472 1322 1553 gemulari
1355 1492 1396 1496 —
1431 1471 1627 1506 obtrectare
1659 1481 1684 1504 s.
1713 1481 1742 1505 z.

183 1568 298 1601 schen
336 1566 488 1611 Kriege,
527 1565 598 1609 gilt
635 1565 832 1609 allgemein
872 1566 926 1600 als

181 1614 332 1649 Meister
357 1614 395 1647 in
423 1614 487 1647 der
511 1613 641 1656 fabula
666 1615 807 1656 togata,
834 1612 868 1646 d.
889 1613 924 1646 h.

180 1662 246 1695 der
280 1660 478 1703 Komtfflie,
516 1659 656 1694 welche
693 1659 773 1693 ihre
810 1659 925 1694 Stofi'e

180 1720 246 1742 aus
291 1707 362 1741 den
406 1706 559 1741 Kreisen
604 1706 667 1740 des
715 1706 926 1741 romischen

180 1755 322 1789 Lebens
343 1754 492 1789 wahlte.
524 1753 701 1787 Derselbe
722 1753 813 1787 Vers
833 1754 924 1788 wird

181 1802 275 1836 auch
301 1801 349 1836 ad
374 1802 450 1835 Att.
478 1800 563 1834 XVI
589 1804 620 1842 2,
648 1804 667 1834 3
696 1799 829 1836 eitiert.

229 1853 284 1883 46.
299 1849 602 1883 misericordiam.-
623 1846 682 1881 die
696 1846 923 1882 betreffende

181 1895 297 1930 Stelle
323 1907 349 1930 s.
376 1894 488 1930 Arist.
515 1895 622 1928 Rhet.
649 1893 684 1927 II
710 1896 742 1928 8.

228 1943 481 1987 imtiynorum,
517 1941 680 1975 numlich
707 1942 924 1976 calamitati-

181 1990 257 2024 bus.
310 1988 356 2023 So
383 1989 482 2022 kann
508 1989 683 2031 indignus
713 1987 826 2022 durch
853 1989 924 2023 den

181 2036 503 2079 Zusammenhang
529 2035 587 2069 die
608 2033 828 2079 Bedeutung
852 2046 924 2070 von

180 2084 363 2125 innocens,
372 2083 569 2116 inmeritus
577 2081 807 2116 bekommen.
819 2082 923 2118 Lucr.

182 2130 215 2163 II
239 2134 328 2164 1103
353 2140 456 2173 saepe
480 2132 645 2163 ‘nocentes
664 2129 842 2171 praeterit
867 2140 925 2163 er-

181 2177 391 2221 animatque
417 2177 587 2220 indiqu&
612 2176 720 2219 inque
744 2179 922 2211 merentes.

180 2224 267 2258 Hor.
301 2225 368 2257 sat.
402 2223 435 2257 11
473 2227 510 2266 2,
544 2227 607 2257 103
648 2223 723 2257 Cur
760 2226 833 2267 esset
869 2224 924 2258 in-

181 2271 315 2314 digmus
340 2271 529 2314 quisquam
556 2274 587 2304 te
612 2269 751 2303 divite?

230 2318 350 2360 ipsum
379 2317 473 2351 illud
505 2318 683 2350 aemulari
719 2318 786 2351 cet.
839 2316 926 2351 Dies

182 2363 329 2398 bezieht
354 2362 434 2398 sich
460 2363 605 2406 darauf,
638 2362 717 2396 dass
743 2363 926 2398 Aristote—

181 2411 234 2445 les
273 2410 332 2445 die
370 2408 516 2454 νέμεσις
560 2410 614 2444 als
653 2410 808 2454 Tugend
847 2410 924 2444 auf-

183 2457 320 2498 ffihr‘ce,
346 2457 379 2491 d.
394 2456 418 2492 i.
445 2457 516 2490 den
541 2456 718 2490 Verdruss
745 2456 835 2490 iiber
861 2457 925 2491 das

181 2503 423 2538 unverdiente
439 2503 557 2538 Glfick
574 2503 826 2547 Unwiirdiger.
859 2504 925 2538 Die

182 2550 331 2595 νέμεσις
357 2551 458 2585 steht
476 2550 514 2584 in
534 2551 599 2584 der
615 2550 722 2584 Mitte
743 2550 926 2585 zwischen

182 2596 348 2641 φθόνος,
381 2597 494 2640 Neid,
526 2598 600 2631 und
629 2595 925 2641 ἐπιχαιρεκακία,

181 2645 324 2680 Frende
350 2645 441 2679 iiber
473 2645 538 2678 das
564 2644 735 2689 Unglflck
761 2644 925 2680 anderen

183 2692 266 2726 Eth.
289 2691 367 2726 Nic.
397 2691 430 2724 ΙΙ
460 2696 489 2725 ἵ.
538 2691 641 2726 Rhet
664 2691 697 2725 Il
725 2695 744 2725 9
772 2692 833 2725 δεῖ
854 2689 926 2734 γὰρ

184 2736 245 2773 ἐπι
289 2737 358 2782 μὲν
396 2741 473 2778 τοῖς
516 2734 679 2780 ἀναξίως
723 2736 925 2781 πράττωσι

183 2786 308 2826 κακῶς
328 2783 607 2831 συνάχθεσθαι
612 2785 674 2819 καὶ
696 2782 826 2827 ἐλεεῖν,
850 2788 927 2824 τοῖς

183 2832 225 2866 δὲ
254 2832 296 2866 εὑ
325 2832 496 2877 νεμεσᾶν.
524 2853 569 2857 -—
596 2825 694 2867 Uber
719 2832 784 2866 das
811 2833 927 2875 Asy-ri

1045 1566 1182 1600 videat:
1221 1565 1295 1609 vgl.
1327 1569 1388 1609 15,
1420 1568 1464 1599 35
1501 1567 1543 1598 ut
1573 1563 1668 1598 nihil
1700 1583 1743 1589 —

1001 1616 1144 1647 constet.

1045 1663 1193 1694 metum:
1219 1658 1331 1693 Arist.
1354 1658 1429 1694 eth.
1449 1657 1532 1694 Nic.
1546 1657 1632 1692 1119
1661 1655 1744 1692 ἔνια

998 1703 1070 1750 γὰρ
1104 1707 1169 1741 δεῖ
1195 1707 1422 1760 φοβεῖσθαι
1433 1705 1497 1739 καὶ
1534 1701 1667 1747 καλόν,
1702 1700 1742 1738 τὸ

998 1751 1039 1787 ὸὲ
1079 1751 1139 1808 μὴ
1166 1749 1337 1806 αἰσχρόν,
1384 1750 1463 1786 οἷον
1509 1748 1683 1793 ἀδοξίαν·
1724 1747 1743 1784 ὁ

997 1798 1065 1844 μὲν
1097 1797 1168 1844 γὰρ
1201 1795 1447 1855 φοβούμενος
1478 1795 1648 1840 ἐπιεικὴς
1681 1796 1745 1831 καὶ

997 1844 1185 1902 αἰδήμων,
1240 1843 1258 1880 ὃ
1310 1844 1352 1881 δὲ
1403 1843 1452 1891 μὴ
1504 1843 1745 1891 φοβούμενος

996 1891 1254 1938 ἀναίσχυντος.

1044 1953 1146 1987 Haec
1180 1953 1230 1986 ist
1262 1952 1330 1986 mit
1360 1952 1555 1986 resecanda
1587 1962 1630 1984 zu
1662 1961 1743 1985 ver·

998 1999 1145 2034 binden.
1209 2000 1283 2033 Fur
1318 2009 1475 2033 resecare
1512 1998 1612 2032 steht
1649 1999 1739 2039 §57

998 2046 1250 2081 eircmneidere
1275 2049 1307 2080 et
1333 2050 1533 2089 amputare.

1045 2116 1093 2139 an
1133 2105 1295 2149 aliquid,
1333 2104 1367 2137 d.
1400 2104 1423 2138 i.
1463 2103 1578 2138 etwas
1615 2101 1742 2137 Wich-

997 2152 1109 2195 tiges,
1146 2151 1210 2185 der
1241 2151 1460 2195 Beachtung
1491 2150 1675 2185 Werthes.
1727 2149 1743 2183 I

999 2203 1054 2240 20,
1081 2202 1125 2232 45
1158 2198 1298 2242 aliquid
1334 2197 1485 2241 assequi.
1535 2197 1588 2231 III
1616 2200 1670 2238 16,
1697 2199 1741 2230 35

998 2247 1131 2279 diceres
1175 2245 1318 2288 aliquid
1361 2248 1393 2279 et
1429 2254 1559 2289 magno
1602 2243 1745 2287 quidem

992 2293 1206 2336 philosopho
1250 2292 1412 2335 diymtm.
1463 2291 1608 2325 Ebenso
1652 2289 1744 2324 wird

998 2339 1049 2373 im
1082 2338 1348 2373 Grieehischen
1378 2337 1500 2381 λέγειν
1532 2350 1566 2371 τι
1599 2338 1743 2382 gesagt.

1000 2386 1186 2420 Hermann
1215 2398 1243 2421 z,
1270 2385 1384 2429 Viger
1409 2397 1443 2429 p.
1471 2388 1552 2418 371.

1046 2445 1135 2489 quid
1160 2445 1209 2479 ad
1233 2445 1316 2487 ista,
1343 2443 1507 2477 nttmlich
1532 2443 1674 2477 habeas.
1707 2441 1743 2476 S.

1000 2492 1013 2525 I
1039 2491 1102 2534 23,
1129 2495 1173 2526 55
1203 2492 1279 2525 ‘nisi
1309 2491 1398 2535 quid
1429 2490 1535 2524 habes
1567 2489 1616 2524 ad
1646 2489 1742 2523 haec.

999 2538 1044 2572 de
1077 2549 1147 2572 am.
1181 2542 1220 2580 9,
1254 2542 1297 2572 32
1336 2538 1411 2572 m'si
1449 2537 1537 2582 quid
1575 2536 1623 2571 ad
1659 2536 1744 2570 haec

998 2587 1091 2628 forte
1115 2586 1236 2619 vultis.

1046 2644 1138 2688 Kap.
1155 2643 1218 2678 21.
1245 2647 1301 2678 47.
1327 2643 1388 2678 sed
1409 2642 1501 2677 illud
1519 2645 1614 2684 ante,
1640 2645 1743 2676 ntim-

998 2691 1074 2725 lich
1100 2691 1273 2725 dicamus.

1046 2738 1275 2779 verecundia,
1302 2737 1422 2771 Scheu
1443 2735 1604 2770 anderen
1627 2737 1742 2770 etwas

1000 2784 1281 2828 Beleidigendes
1310 2795 1352 2817 zu
1380 2794 1504 2827 sagen,
1534 2782 1742 2818 schonende

999 2831 1210 2866 Riieksicht.
