1817 3103
310 97 708 133 TUSCULANARUM
734 96 1132 132 DISPUTATIONUM
1163 99 1186 131 1.
1215 102 1388 133 98—--102.
1574 97 1629 137 59

76 217 136 248 est
167 210 326 261 misera,
364 209 450 246 finis
489 219 576 245 esse
615 207 745 245 nullus
778 212 917 257 potest.
982 206 1057 244 Sed
1091 206 1183 256 quid
1224 220 1293 256 ego
1329 208 1529 246 Socratem
1564 214 1630 246 aut

74 267 376 317 Theramenem,
409 270 652 317 praestantes
686 267 790 304 viros
822 266 978 303 virtutis
1018 270 1057 302 et
1095 266 1307 315 sapientiae
1347 266 1486 317 gloria,
1526 278 1629 304 com-

73 338 265 377 mem0r0,
309 337 398 363 cum
442 324 771 362 Lacedaemonius
816 323 990 375 quidam,
1036 325 1148 361 cuius
1193 336 1240 360 ne
1286 335 1427 361 nomen
1473 324 1629 374 quidem

73 384 272 435 proditum
311 389 388 434 est,
426 388 591 421 mortem
631 388 833 432 tantopere
873 383 1171 432 contempserit,
1218 388 1276 431 ut,
1322 393 1412 419 cum
1457 383 1501 419 ad
1547 395 1630 420 eam

74 443 286 481 duceretur
325 442 530 480 damnatus
569 439 615 478 ab
655 440 813 491 ephoris
852 446 890 478 et
930 446 1033 478 esset
1073 439 1175 477 voltu
1216 439 1329 478 hilari
1369 445 1484 490 atque
1510 436 1632 486 slaeto‚

73 501 313 551 dixissetque
353 502 388 538 ei
427 499 582 550 quidam
621 500 803 536 inimicus
837 495 1122 536 ‘contemnisne
1162 498 1268 548 leges
1302 495 1533 549 Lycurgff’,
1575 510 1632 535 rc-

73 559 293 610 sponderit:
327 556 413 609 ‘ego
443 570 534 596 vero
561 558 615 596 illi
641 559 845 595 maximam
872 559 1034 607 gratiam
1064 556 1203 608 haheo,
1237 558 1303 606 qui
1336 568 1397 594 me
1431 569 1474 594 ea
1507 568 1631 607 poena

74 618 314 668 multaverit,
354 628 469 667 quam
503 618 586 654 sine
620 617 862 654 mutuatione
902 621 939 654 et
979 617 1062 653 sine
1104 627 1265 653 versura
1303 627 1458 665 possem
1499 614 1633 653 dissol-

75 673 192 714 vere?
255 675 286 714 O
320 677 444 714 virum
480 674 616 725 Sparta
651 673 827 724 dignum!
870 680 913 712 ut
945 674 1040 712 mihi
1074 674 1251 725 quidem,
1285 675 1352 723 qui
1385 679 1462 712 tam
1495 685 1633 724 magno

73 735 201 772 animo
242 735 377 785 suerit,
416 735 605 771 innocens
638 733 842 771 damnatus
882 745 967 771 esse
1006 732 1194 770 videatur.
1257 732 1370 770 Tales
1410 734 1702 770 innumera-101

71 792 170 831 biles
202 798 335 831 nostra
368 793 502 830 civitas
536 791 634 830 tulit.
698 791 773 829 Sed
814 791 907 841 quid
948 791 1069 829 duces
1110 796 1147 829 et
1185 792 1384 841 principes
1423 792 1632 841 nominem,

74 863 162 890 cum
195 851 368 902 legiones
400 850 546 889 scribat
578 850 671 888 Cato
711 862 826 900 saepe
865 849 1013 887 alacres
1051 851 1090 887 in
1130 862 1219 887 eum
1257 849 1385 887 locum
1424 850 1633 900 profectam,

73 910 176 948 unde
205 910 401 948 redituras
434 921 474 947 se
509 921 585 946 non
620 906 936 947 arbitrarentur?
992 908 1080 946 Pari
1107 909 1235 946 animo
1264 907 1561 946 Lacedaemonii
1593 909 1632 945 in

72 967 344 1020 Thermopylis
376 968 625 1018 occiderunt,
658 969 698 1005 in
732 979 830 1017 quos
864 966 1101 1005 Simonides:

273 1040 366 1086 Die,
399 1040 556 1087 hospes,
590 1040 765 1086 Spartae
797 1049 868 1075 nos
900 1042 937 1075 te
969 1038 1034 1075 hie
1068 1039 1211 1075 vidisse
1244 1039 1436 1083 iacentes,

372 1099 465 1135 dum
496 1099 648 1135 sanctis
676 1098 841 1145 patriae
872 1097 1025 1143 legse'bus
1058 1097 1332 1143 obsequimur:

73 1167 193 1219 [Quid
227 1167 289 1205 ille
322 1167 399 1205 dux
433 1166 625 1205 Leonidas
658 1164 780 1204 dicit?
841 1165 998 1215 Pergite
1027 1166 1154 1203 animo
1183 1166 1291 1216 sorti,
1323 1164 1633 1215 Lacedaemonii,

72 1227 187 1265 hodie
214 1225 315 1276 apud
341 1226 490 1263 inferos
517 1224 755 1263 cenabimus.
803 1223 894 1262 Fuit
925 1223 1021 1261 haec
1053 1235 1149 1274 gens
1183 1224 1313 1274 sortis,
1346 1223 1438 1261 dum
1466 1222 1635 1273 Lycurgi

71 1285 177 1336 leges
209 1283 418 1335 vigebant]
482 1283 512 1320 E
547 1283 690 1333 quibus
724 1294 846 1334 unus,
886 1294 975 1320 curn
1008 1282 1150 1320 Perses
1189 1282 1313 1320 hostis
1351 1283 1390 1319 in
1424 1281 1633 1331 conloquio

71 1343 234 1382 dixisset
265 1343 435 1394 glorians
468 1338 606 1380 ‘solem
647 1354 740 1393 prae
780 1341 996 1379 iaculorum
1037 1340 1287 1379 multitudine
1328 1347 1365 1378 et
1404 1342 1634 1390 sagittarum

70 1415 149 1441 non
181 1398 390 1451 videbitis’,
429 1398 484 1439 ‘in
517 1400 655 1438 umbra
687 1397 823 1451 igitur'
856 1401 984 1450 inquit
1017 1396 1320 1450 ‘pugnahiumsf
1384 1398 1496 1436 Viros
1530 1406 1704 1437 com-102

70 1472 263 1499 memoro:
309 1459 433 1511 qualis
475 1459 631 1497 tandem
672 1456 876 1497 Lacaena?
921 1470 1019 1508 quae
1062 1471 1152 1496 cum
1193 1458 1315 1496 filium
1359 1459 1398 1495 in
1439 1456 1634 1508 proelium

70 1521 243 1558 misisset
286 1525 324 1558 et
367 1518 620 1556 intersectum
665 1518 853 1567 audisset,
904 1513 1083 1555 ‘ideireo’
1128 1518 1255 1567 inquit
1299 1514 1544 1567 ‘genueram7
1591 1522 1635 1553 ut

888 1631 1083 1663 ποιεῖσθαι
1116 1626 1165 1669 ὡς
1199 1626 1239 1663 ἐν
1266 1624 1361 1674 ᾅδου
1389 1626 1633 1672 ὃειπνησομέ-

119 1635 196 1667 100.
222 1632 308 1675 finis
327 1642 398 1666 esse
415 1632 542 1666 nullus
567 1630 731 1665 n’a'tmlioh
750 1632 814 1664 mi-

887 1689 975 1715 νοις.
1027 1676 1075 1710 Es
1100 1675 1151 1710 ist
1169 1676 1273 1710 nieht
1293 1688 1335 1709 zu
1357 1675 1530 1720 glauben,
1552 1674 1633 1709 dass

70 1680 201 1722 seriae,
234 1689 309 1713 was
340 1678 480 1723 infolge
508 1677 609 1713 einer
633 1677 814 1722 gewissen

69 1725 374 1770 Nachlassigkeit
388 1725 532 1760 Ciceros
552 1725 604 1759 im
618 1724 814 1759 Ausdruek

71 1783 136 1808 aus
160 1773 256 1808 vitae
280 1773 429 1807 miserae
455 1784 498 1806 zu
525 1775 706 1817 ergitnzen
731 1773 788 1806 ist.

118 1832 223 1866 cuius
247 1841 292 1865 ne
322 1841 460 1865 nomen.
511 1830 606 1865 Plus.
635 1831 812 1876 apophth.

71 1877 156 1913 Lac.
176 1890 212 1923 p.
227 1881 295 1912 222
315 1879 430 1912 nennt
447 1877 514 1911 ihn
528 1877 811 1913 Thektamenes.

118 1937 196 1971 sine
224 1937 448 1971 mutuatione
479 1940 511 1970 et
540 1936 617 1970 sine
647 1947 816 1971 versura:

71 1994 222 2019 versura
263 1983 439 2018 bedentet
482 1982 684 2027 eigentlich
723 1983 816 2018 Geld

73 2030 312 2073 aufnehmen,
330 2042 392 2064 um
407 2029 514 2064 einen
528 2030 690 2065 anderen
705 2030 815 2065 Glau-

71 2077 178 2122 biger
203 2088 246 2111 zu
264 2076 512 2121 befriedigen,
538 2077 636 2111 dann
658 2078 757 2112 steht
777 2088 815 2111 es

71 2123 255 2170 geradezu
291 2123 351 2158 fiir
384 2125 574 2158 mutuatio.
625 2123 692 2158 Bei
729 2124 814 2158 Plu-

71 2171 178 2206 tarch
198 2171 298 2205 steht
321 2167 410 2211 παρ’
435 2167 593 2210 οὐδενὸς
612 2168 698 2205 οὔτε
720 2172 814 2205 διαι-

71 2215 235 2262 τήσαντά
262 2230 324 2262 με,
351 2214 437 2253 οὔτε
464 2214 751 2262 δανεισάμενον.

122 2279 201 2310 101.
242 2275 348 2310 Cato:
379 2275 452 2320 vgl.
487 2275 560 2310 Cic.
588 2277 632 2310 de
660 2287 732 2311 sen.
761 2280 817 2320 20,

76 2326 119 2358 75
139 2323 291 2367 leyiones
315 2326 475 2365 nostras,
499 2324 594 2366 quod
619 2324 751 2367 set-ipsi
775 2325 818 2357 in

76 2369 303 2414 Oriyim'bus,
322 2370 363 2403 in
388 2380 466 2404 eum
485 2380 588 2414 saepe
608 2370 723 2404 locum
748 2381 818 2405 esse

70 2417 253 2461 profectas
267 2417 385 2451 alacri
405 2417 526 2451 animo
540 2421 573 2451 et
586 2421 708 2459 erecto,
722 2419 818 2452 uncle

75 2473 110 2498 se
129 2464 311 2498 redituras
329 2475 519 2507 nunquam
536 2465 816 2499 arbitrarentur.

122 2521 344 2557 Simonides:
368 2521 503 2556 Herod.
530 2520 600 2555 VII
626 2525 693 2556 228

69 2562 112 2602 Ὦ
143 2565 251 2612 ξεῖν’,
289 2565 481 2613 ἀγγέλλειν
507 2570 820 2613 Λακεδαιμονίοις

499 2611 556 2649 ὅτι
580 2616 669 2671 τῇδε

78 2662 250 2707 Κείμεθα
282 2665 359 2702 τοῖς
394 2663 528 2696 κείνων
566 2660 704 2707 ῥἠμασι
742 2675 819 2698 πει-

498 2705 672 2753 θόμενοι.

128 2755 225 2800 Quid
236 2756 297 2790 ille
310 2756 386 2791 duae
406 2757 474 2790 cet.
519 2755 593 2790 Der
607 2756 820 2802 Ausspruch

77 2801 196 2836 lamet
219 2803 315 2837 nach
334 2802 430 2836 Plut.
452 2813 510 2846 ap.
531 2802 618 2837 Lac.
639 2807 707 2838 225
734 2807 821 2842 Τοῖς

80 2845 121 2883 δὲ
148 2846 385 2893 στρατιώταις
404 2847 654 2894 παρήγγειλεν
677 2847 821 2895 ἄριστο-

888 1722 960 1757 Cic.
987 1723 1026 1756 in
1052 1723 1153 1756 einer
1178 1734 1216 1757 so
1242 1723 1456 1756 bekannten
1477 1723 1634 1756 Sentenz

887 1769 1025 1804 sinnlos
1050 1766 1205 1813 ἀριστᾶν
1226 1769 1301 1804 und
1321 1766 1533 1812 ἀριστεύειν
1553 1779 1633 1803 ver-

886 1817 1062 1851 weehselt
1102 1817 1225 1851 haben
1268 1816 1388 1850 sollte.
1439 1815 1525 1849 Man
1569 1816 1636 1850 hat

887 1863 1042 1897 deshalb
1073 1864 1251 1907 prandete
1289 1863 1411 1897 animo
1449 1863 1539 1905 forti
1568 1864 1634 1906 'ge-

890 1909 1100 1952 schrieben3
1128 1911 1217 1945 aber
1238 1909 1355 1944 damit
1381 1909 1462 1943 sind
1488 1909 1548 1944 die
1567 1909 1634 1943 Be-

889 1957 1033 1992 denken
1059 1956 1155 1991 noch
1190 1956 1296 1991 nicht
1330 1956 1512 2000 gehoben.
1562 1956 1637 1990 Der

890 2003 974 2038 Sat-‚z
998 2004 1072 2046 fuit
1097 2005 1183 2038 haec
1207 2014 1292 2048 qens
1318 2006 1388 2038 cet.
1425 2003 1474 2037 ist
1506 2003 1635 2037 trivia]

888 2051 963 2085 und
999 2051 1189 2095 unrichtig
1227 2053 1266 2094 (s.
1304 2050 1338 2083 Π
1378 2053 1437 2093 14,
1464 2052 1522 2093 34)
1560 2049 1636 2083 und

887 2097 1022 2132 masste
1067 2098 1121 2132 als
1165 2097 1407 2142 allgemeiner
1446 2096 1636 2138 Gedanke,

889 2145 955 2179 der
981 2145 1040 2178 die
1067 2143 1249 2189 Beispiele
1277 2142 1514 2187 abschliesst,
1539 2143 1634 2177 nach

885 2192 1135 2235 puynabimus
1154 2191 1294 2226 stehen.
1321 2202 1364 2225 esc
1379 2191 1510 2234 quibus
1528 2189 1636 2224 hesse

892 2239 969 2273 sich
1008 2249 1103 2272 zwar
1140 2238 1407 2282 grammatisch
1447 2237 1514 2271 auf
1553 2238 1637 2271 haee

889 2296 974 2329 (lens
1004 2285 1198 2328 beziehen‚
1235 2285 1322 2319 aber
1353 2284 1433 2319 hier
1464 2284 1637 2329 verlangt

890 2333 954 2367 der
980 2331 1087 2376 Sinn,
1121 2343 1158 2366 es
1191 2332 1260 2366 mit
1284 2331 1566 2365 Lacedaemonii
1597 2331 1638 2364 in

894 2380 1142 2424 Thermopylis
1180 2379 1387 2413 occiderunt
1422 2389 1465 2411 zu
1492 2377 1636 2412 verbin-

890 2427 971 2461 den.
1023 2426 1056 2460 S.
1085 2426 1201 2460 Heine
1228 2426 1355 2469 Progr.
1386 2425 1505 2459 Posen
1533 2427 1636 2466 1862,

891 2486 914 2519 p
939 2521 1062 2556 Perses
1090 2520 1218 2554 hostis:
1252 2519 1347 2552 nach
1379 2518 1545 2552 Herodot
1570 2517 1637 2551 VH

892 2572 961 2602 226
998 2568 1088 2602 fand
1125 2567 1190 2601 das
1229 2564 1417 2610 Gesprach
1457 2565 1639 2599 zwischen

893 2615 974 2649 dem
997 2614 1198 2659 Spartaner
1216 2612 1399 2646 Dienekes
1423 2612 1498 2645 und
1518 2611 1638 2645 einem

894 2661 1109 2696 Trachinier
1135 2661 1236 2694 statt.

943 2712 1020 2743 102.
1046 2708 1415 2752 viros-‘commemoro.·
1460 2704 1545 2737 Man
1577 2704 1637 2738 be-

894 2755 1002 2790 achte
1044 2755 1104 2788 die
1140 2751 1534 2796 Ubergangsformeln:
1578 2751 1639 2785 sed

893 2802 982 2846 quia
1019 2811 1080 2845 eyo
1119 2800 1301 2834 Socratem
1329 2818 1370 2823 ——
1398 2807 1636 2832 commemoro.

895 2869 937 2873 —
966 2847 1037 2882 Sed
1061 2848 1149 2891 quid
1175 2847 1280 2880 duces
1306 2866 1347 2871 —
1376 2845 1564 2880 nonmzem.
