1817 3103
304 80 699 116 TUSCULANARUM
726 80 1125 116 DISPUTATIONUM
1154 81 1177 115 I.
1205 85 1354 116 80—84.
1553 81 1610 121 49

30 193 229 243 'interim
262 197 306 229 ut
337 202 498 241 corpus:
531 197 635 228 num*
657 191 776 239 igitur
808 189 948 239 aliquis
981 188 1091 226 dolor
1118 194 1184 227 aut
1210 192 1367 228 omnino
1396 197 1482 241 post
1509 202 1611 228 mor-

57 257 135 291 tem
161 261 301 288 sensus
327 250 367 286 in
394 260 558 299 corpore
586 246 674 286 est?
712 247 832 285 Nemo
859 247 895 285 id
924 247 1082 297 quidem
1108 247 1213 298 dicit,
1246 249 1317 285 etsi
1348 248 1611 287 Democritum

57 308 257 349 insimulat
288 307 494 359 Epicurus,
528 306 753 344 Democritii
787 311 938 355 negant.
996 305 1051 343 Ne
1084 307 1122 343 in
1153 307 1280 343 animo
1309 307 1465 355 quidem
1493 309 1612 356 igitur

59 378 197 407 sensus
236 371 428 416 remanet3
466 367 549 415 ipse
588 366 692 402 enim
732 376 922 414 nusquam
957 369 1026 402 est.
1091 363 1162 401 Ubi
1202 365 1321 413 igitur
1360 363 1501 401 malum
1542 371 1611 415 cst,

50 426 240 477 >quoniam
273 423 367 461 nihil
400 425 559 461 tertium
592 421 680 461 est‘?
712 435 760 460 an
792 424 875 472 ipse
908 423 1025 460 animi
1059 422 1257 460 discessus
1289 434 1309 459 a
1336 433 1501 472 corpore
1534 435 1609 460 non

50 484 97 523 -fit
128 484 210 522 sine
244 479 406 520 dolore?
456 481 505 520 Ut
537 481 692 520 credam
726 484 775 519 ita
810 493 913 532 esse,
951 492 1066 530 quam
1107 486 1166 519 est
1198 480 1234 518 id
1283 479 1482 530 exiguum!
1535 479 1610 517 Sed

50 541 195 581 falsum
228 552 314 579 csse
347 539 536 591 arbitror,
575 545 614 577 ct
646 540 687 577 sit
719 539 950 590 plerumque
990 540 1073 576 sinc
1113 551 1249 590 sensu,
1288 551 1364 576 nou
1399 550 1611 588 numquam

51 601 170 639 etiam
204 611 291 637 cum
325 598 534 649 voluptate,
567 603 771 648 totumque
804 598 877 635 hoc
910 597 992 635 leve
1026 604 1102 648 est,
1135 597 1420 647 ‹pialecumque
1454 603 1530 635 est:
1570 599 1612 634 lit

52 659 157 697 enim
190 657 236 695 ad
269 663 458 708 punctum
492 658 692 707 temporis
756 656 852 694 Illud
886 657 992 706 angit
1024 656 1082 693 vcl
1116 657 1246 706 potius
1278 657 1494 707 excruciat,
1533 655 1609 693 dis·
1625 664 1668 695 83

51 728 190 756 cessus
223 716 269 754 ab
303 715 484 754 omnihus
516 717 581 766 iis,
619 727 717 765 quae
757 720 848 753 sunt
887 714 986 752 bona
1019 716 1057 752 in
1092 716 1178 752 vita.
1241 713 1334 752 Vide
1368 727 1415 751 ne
1449 726 1468 751 a
1502 713 1611 752 malis

57 774 134 814 dici
165 776 296 813 verius
328 775 462 825 possit.
526 773 626 818 Quid
661 785 732 824 ego
766 785 870 811 nunc
902 773 1054 824 lugeam
1088 774 1203 810 vitam
1237 770 1468 810 hominum?
1513 772 1611 810 Vere

56 839 94 873 et
126 834 211 872 iure
244 845 422 884 possum3
455 832 521 869 sed
556 831 647 882 quid
682 844 842 870 necesse
876 838 946 883 est,
980 843 1067 869 cum
1100 831 1136 869 id
1166 843 1287 882 agam,
1320 843 1368 869 ne
1396 837 1484 881 post
1510 843 1610 868 mor-

55 897 133 931 tem
170 893 337 930 miseros
382 903 452 929 nos
496 896 679 940 putemus
721 891 822 941 sore,
866 892 982 929 etiam
1021 891 1137 928 vitam
1177 890 1333 927 efficere
1373 889 1611 940 deplorando

54 947 329 989 miseriorem?
374 949 554 987 Fecimus
586 948 659 987 hoc
691 950 730 987 in
764 961 808 987 eo
841 949 953 1000 libro,
985 950 1024 987 in
1058 960 1134 999 quo
1168 954 1322 986 nosmet
1353 949 1458 998 ipsos
1492 960 1611 998 quan-

50 1015 136 1047 tum
168 1009 367 1059 potuimus
400 1007 588 1046 consolati
621 1020 767 1046 sumus.
830 1008 859 1045 A
895 1007 1003 1045 malis
1036 1007 1155 1057 igitur
1189 1019 1293 1045 mors
1326 1005 1501 1059 abducit,
1534 1018 1610 1044 non

53 1078 76 1104 a
108 1066 233 1118 honis,
265 1078 401 1104 verum
435 1068 466 1104 si
499 1068 735 1116 quaerimus.
787 1066 835 1104 Et
868 1066 1024 1116 quidem
1058 1065 1131 1103 hoc
1159 1078 1178 1102 a
1206 1066 1419 1115 Cyrenaico
1446 1064 1611 1115 Hegesia

56 1126 112 1163 516
154 1127 309 1176 copiose
352 1125 591 1175 disputatur,
640 1130 682 1162 ut
722 1127 755 1162 is
796 1137 814 1162 a
857 1137 950 1175 rege
991 1123 1213 1161 Ptolemaeo
1261 1123 1483 1174 prohibitus
1525 1136 1610 1161 esse

54 1182 207 1222 dicatur
239 1183 300 1221 illa
334 1185 371 1221 in
406 1183 550 1221 scholis
583 1183 731 1233 dicere,
770 1183 873 1233 qnod
913 1182 1027 1221 multi
1064 1183 1110 1219 iis
1149 1182 1292 1220 auditis
1331 1187 1498 1220 mortem
1538 1181 1612 1219 sibi

52 1243 127 1292 ipsi
159 1243 462 1279 consciscerent.
525 1241 747 1279 Callimachi
787 1241 944 1291 quidem
984 1242 1221 1290 epigramma
1253 1242 1292 1278 in
1325 1239 1610 1278 Ambraciotam
1626 1249 1671 1280 84

52 1298 346 1338 Cleombrotum
381 1306 451 1351 est,
483 1312 599 1350 quem
626 1301 689 1351 ait,
722 1312 809 1337 cum
838 1301 873 1338 ei
899 1299 995 1338 nihil
1021 1298 1228 1337 accidisset
1254 1299 1418 1349 adversi,
1451 1311 1470 1336 e
1499 1310 1611 1336 muro

53 1369 96 1396 se
126 1359 167 1396 in
199 1370 304 1396 mare
338 1358 526 1396 abiecisse
559 1358 660 1396 lecto
692 1358 864 1397 Platonis
896 1358 1007 1396 libro.
1070 1357 1164 1395 Eius
1197 1362 1338 1408 autem,
1372 1369 1488 1407 quem
1521 1356 1612 1408 dixi,

53 1415 241 1467 Hegesiae
274 1416 373 1455 liber
405 1422 465 1454 est
494 1411 836 1468 Ἀποκαρτερῶυ,
879 1429 955 1467 quo
989 1430 1008 1455 a
1042 1418 1117 1454 vita
1150 1416 1306 1467 quidam
1340 1428 1411 1466 per
1442 1415 1610 1453 inediam

52 1474 258 1514 discedens
296 1481 502 1514 revocatur
540 1475 586 1514 ab
626 1477 778 1527 amicis,
816 1475 959 1526 quibus
997 1474 1241 1525 respondens
1278 1476 1379 1512 vitae
1419 1474 1611 1512 humanae

52 1540 256 1572 enumerat
287 1534 544 1573 incommoda.
606 1534 767 1573 Possem
800 1534 902 1573 idem
936 1535 1085 1585 facere,
1119 1535 1190 1572 etsi
1226 1535 1354 1571 minus
1388 1545 1502 1583 quam
1535 1532 1611 1584 ille,

97 1659 248 1702 aliquis,
291 1658 435 1703 ‘ii-gend
467 1657 640 1701 westher,
678 1657 794 1692 selbst

50 1704 115 1740 der
140 1705 356 1750 geringste’.

97 1751 354 1788 Democritum.
398 1751 466 1786 Die
491 1751 794 1796 Besehuldigung

48 1799 165 1843 bezog
198 1799 276 1833 sich
302 1799 399 1833 wohl
433 1799 579 1841 darauf,
616 1798 695 1833 dass
721 1799 792 1833 De-

49 1845 188 1881 mokrit
213 1845 349 1889 lehrte,
381 1846 476 1880 auch
502 1845 540 1880 in
566 1845 638 1879 den
663 1844 793 1880 Leich-

48 1903 181 1928 namen
213 1891 337 1927 bleibe
368 1893 464 1927 noch
506 1892 565 1926 ein
598 1894 688 1927 Resb
721 1903 793 1927 von

49 1939 331 1974 Lebenswarme
357 1939 432 1973 und
457 1939 708 1983 Empfindung
734 1951 793 1973 zu-

48 1986 150 2020 riiek.
176 1985 274 2022 Plut.
300 1986 395 2030 plac.
422 1986 473 2019 IV
498 1990 530 2028 4,
558 1990 589 2021 4.

95 2034 258 2068 tertium:
283 2032 446 2067 namlich
468 2032 590 2067 ausser
610 2033 673 2067 der
689 2033 792 2077 Mog-

47 2078 220 2122 liehkeit,
266 2078 345 2114 dass
383 2079 421 2113 in
459 2080 523 2114 der
561 2079 667 2114 Seele
705 2080 793 2115 oder

50 2126 133 2162 dem
157 2126 300 2171 Korper
324 2126 575 2171 Empfindung
601 2127 663 2161 sei.

96 2185 146 2209 απ
165 2174 259 2217 ipse:
286 2172 344 2208 die
363 2173 470 2208 Hdss
491 2174 615 2208 haben
639 2185 688 2208 απ.
708 2184 792 2218 quo-

48 2221 149 2255 niam
185 2221 271 2265 ipse.
327 2221 425 2255 Aber
462 2220 647 2255 allenfalls
686 2220 789 2255 liesse

49 2266 127 2302 sich
152 2279 202 2302 an
227 2267 322 2311 quod
353 2278 482 2311 sagen,
519 2266 790 2301 anschliessend

49 2324 97 2348 an
119 2314 185 2349 ubi
208 2314 343 2348 malum
368 2318 428 2348 est.
466 2315 638 2358 quoniam
666 2314 729 2348 ‘da
750 2314 791 2358 ja

49 2359 172 2404 dooh’,
203 2361 323 2395 wobei
359 2360 438 2395 sich
464 2361 528 2395 der
554 2360 788 2404 Sprechende

48 2417 96 2442 an
119 2407 185 2442 das
205 2406 446 2442 Bewusstsein
473 2408 537 2442 (161·
556 2408 673 2443 Ηόι·61·
693 2419 788 2442 wen-

49 2453 123 2497 defi,
148 2454 198 2489 ist
222 2454 439 2498 unmoglich
464 2455 540 2488 und
560 2455 704 2489 scheint
721 2467 790 2489 nur

48 2500 128 2536 eine
154 2501 448 2546 Wiederholung
483 2512 549 2536 aus
584 2502 669 2536 dem
697 2502 788 2536 Vor-

49 2546 309 2592 hergehenden
335 2560 379 2582 zu
405 2548 491 2583 sein.

96 2597 152 2629 83.
182 2595 225 2630 i‘n
255 2605 292 2630 eo
325 2596 434 2637 libro,
474 2595 538 2629 der
570 2596 664 2630 auch
697 2599 716 2637 ξ
746 2599 788 2629 76

49 2641 262 2676 61πᾶὴ11ὺ611
293 2641 515 2677 Consolatio.
567 2642 636 2677 Die
674 2653 789 2687 ganze

51 2686 164 2722 stelle
207 2689 352 2723 eni-,halt
394 2701 464 2723 nur
507 2689 587 2724 eine
631 2689 789 2733 mussige

49 2732 340 2780 Wiederholung
365 2736 429 2770 des
456 2736 654 2780 Gesagten.

79 2780 289 2833 ‘Hegesiaffi
316 2783 516 2828 Anhanger
541 2783 606 2818 der
631 2782 789 2827 Aristip-

49 2827 201 2871 p1schen
232 2828 384 2873 Sohule,
416 2830 553 2874 1611116,
586 2830 645 2865 die
671 2831 790 2865 Weis-

119 2892 240 2925 Hssum,
260 2892 320 2919 Cic.
335 2894 455 2920 Tuseul.

864 1659 944 1693 heit
980 1658 1158 1693 bestande
1196 1658 1234 1691 in
1277 1657 1611 1701 Gleichgfiltigkeif.

865 1716 984 1750 gegen
1011 1706 1076 1740 das
1101 1705 1226 1739 Leben
1257 1705 1332 1738 und
1358 1704 1457 1739 561116
1484 1704 1610 1747 Giiter,

866 1753 962 1787 denn
1003 1753 1144 1787 wahres
1178 1751 1297 1786 Glfiok
1329 1752 1477 1795 erlange
1515 1751 1609 1785 doch

865 1799 1052 1834 niemand.
1102 1799 1307 1844 Deswegen
1327 1799 1462 1833 erhielt
1480 1810 1518 1832 er
1538 1798 1609 1832 den

865 1846 1069 1881 Beinamen
1108 1843 1398 1884 Πεισυθοένατος.
1451 1844 1506 1879 Ob
1545 1845 1610 1879 der

866 1895 962 1928 erste
1001 1894 1089 1928 oder
1130 1893 1257 1927 zweite
1295 1892 1507 1927 Ptolemiier
1544 1891 1609 1926 das

865 1940 1007 1975 Verbot
1049 1951 1169 1985 gegen
1211 1940 1276 1974 11111
1315 1939 1476 1983 ergehen
1513 1937 1608 1981 liess,

865 1986 915 2021 ist
938 1987 1191 2021 unbestimm't.

911 2035 1050 2076 scholis,
1076 2034 1293 2078 Vortra'gen.

913 2085 968 2116 84.
997 2081 1239 2116 Callimachus
1260 2091 1325 2114 aus
1347 2080 1485 2124 Cyrene
1509 2080 1610 2114 lebte

865 2140 927 2161 um
966 2132 1035 2162 250
1073 2128 1149 2162 und
1186 2138 1262 2161 war
1299 2126 1500 2161 Vorsteher
1543 2126 1608 2161 der

865 2174 1081 2209 Bibliothek
1118 2175 1155 2208 in
1187 2174 1424 2208 Alexandria.
1475 2173 1608 2208 Ausser

861 2221 1114 2266 philologisch
1140 2221 1333 2266 gelehrten
1352 2220 1516 2255 Werken
1543 2221 1609 2254 hat

862 2279 901 2303 er
932 2268 1120 2313 Hymnen,
1156 2267 1328 2313 Elegien,
1368 2267 1606 2312 Epigramme

862 2315 1112 2359 geschrieben.
1164 2314 1252 2349 Dies
1276 2314 1493 2359 Epigramm
1527 2314 1606 2348 lau-

861 2364 986 2448 ῗέσῗᾷς
1021 2405 1122 2443 ”Hice
1174 2413 1298 2454 χαῖρε,
1348 2405 1606 2453 Κλεόμβροτος

1270 2454 1546 2500 Ὼμβρακιώτης

852 2498 983 2536 ''fflat'
1000 2498 1065 2546 ἀφ’
1082 2499 1231 2547 ὖψήλου
1251 2504 1393 2547 τείχεος
1414 2499 1605 2545 εἰςἎΐδην,

854 2546 971 2592 ’Ἀξιον
999 2548 1114 2584 οὐδὲν
1150 2547 1239 2584 ἰδὼν
1264 2548 1438 2584 θανάτου
1472 2546 1604 2592 κακόν,

1275 2593 1367 2631 ἀλλὰ
1391 2594 1594 2634 Πλάτωνος

852 2639 921 2677 ‘'Ev
959 2642 999 2678 τὸ
1042 2644 1126 2687 περὶ
1171 2644 1292 2688 ψυχῆς
1332 2639 1470 2688 γράμμ’
1511 2639 1606 2676 ἄνα·

1275 2688 1485 2734 λεξάμενος,

905 2733 1198 2780 Ἀποκαρτερῶν.·
1253 2738 1364 2771 Ε11161·
1413 2737 1478 2770 der
1526 2735 1603 2770 sich

861 2783 979 2866 ῗὲιΐὲιίὴ
1028 2784 1261 2829 Entziehung
1311 2784 1375 2818 der
1423 2783 1605 2827 Nahrung

1298 2893 1319 2924 4
