1817 3103
106 341 161 382 12

115 393 160 424 26

179 74 231 115 18
697 76 745 111 Μ.
773 75 934 111 TULLII
960 77 1216 112 CICERONIS

177 186 380 224 cessimus.

444 186 498 223 M.
533 185 618 231 Quo
651 186 766 224 modo
798 188 918 241 igitur
951 192 1018 225 aut
1051 199 1121 226 cur
1154 193 1322 226 mortem
1349 188 1492 227 malum
1519 189 1591 228 tibi
1617 190 1741 229 videri

177 243 294 296 (licis,
339 256 438 295 quae
483 251 550 283 aut
595 244 728 283 beatos
772 257 843 283 nos
888 245 1032 284 efficiet
1075 247 1215 284 animis
1259 247 1508 286 manentibus
1552 254 1620 287 aut
1661 261 1740 287 non

177 304 343 341 miseros
376 315 495 342 SOUSU
528 309 707 342 Cal'ffllteS
714 300 736 341 ?

294 364 340 400 A.
372 361 562 412 Expone
607 363 745 413 igitur,
789 363 865 400 nisi
903 361 1110 400 molestum
1151 368 1227 414 est,
1272 365 1496 416 primum,
1541 366 1573 403 si
1617 370 1728 416 potes

175 421 358 458 animos
402 432 648 458 remanere
691 425 796 471 post
837 426 1051 473 mortem,
1094 427 1208 473 tum,

1256 424 1294 460 si
1334 424 1488 461 minus
1530 423 1574 461 id
1617 397 1741 462 obti3

175 478 311 517 nebis
351 501 405 505 —
445 484 505 517 est
543 480 647 517 enim
686 478 852 517 arduum
895 501 964 531 —,
1009 479 1207 518 docebis
1252 492 1417 519 carere
1460 483 1584 520 omni
1622 482 1740 521 malo

175 542 382 576 mortem.
446 537 528 588 Ego
568 538 672 575 enim
710 539 813 576 istuc
851 539 980 589 ipsum
1012 551 1151 577 vereor
1183 551 1232 577 ne
1267 539 1408 578 malum
1442 541 1510 592 sit,
1542 553 1620 579 non
1652 540 1740 579 dico

175 608 310 635 carere
345 608 476 648 sensu,
509 595 577 634 sed
610 596 825 635 carendum
857 608 955 635 esse.

108 686 113 687 γ
177 656 424 707 sententiam,
456 667 572 705 quam
605 656 663 693 vis
696 655 877 706 obtineri,
909 657 968 694 uti
1000 657 1157 706 optimis
1190 668 1413 708 possumus,
1451 657 1554 707 quod
1587 659 1627 695 in
1660 670 1740 696 om-

1012 598 1066 635 M.
1101 597 1340 636 Auctoribus
1367 598 1525 648 quidem
1552 599 1598 637 ad
1625 600 1739 638 istam

104 750 107 752 .
175 713 292 752 nibus
325 715 455 752 causis
488 720 526 752 et
558 713 673 752 dehet
707 720 746 752 et
777 714 878 752 solet
903 714 1032 753 valere
1059 714 1285 767 plulimum,
1318 721 1357 754 et
1382 717 1569 769 primum
1581 716 1740 766 quidem

103 770 120 791 ‘³
175 773 281 824 omni
313 773 564 825 antiquitate,
607 766 705 830 quae
745 785 822 824 quo
854 774 1017 825 propius
1051 773 1185 812 aberat
1216 773 1263 812 ab
1296 780 1386 812 ortu
1419 780 1458 812 et
1490 774 1619 813 divina
1649 787 1758 834 pro-

174 826 300 891 genie,
330 829 406 870 hoc
439 831 579 870 melius
611 844 656 870 ea
689 831 867 883 fortasse,
900 844 998 883 quae
1032 838 1144 870 erant
1176 845 1278 884 v·e1a,
1310 822 1507 871 cernebat.

195 886 213 890 ”
226 886 228 889 ’
289 863 425 941 ltaque
447 902 571 928 unum
591 890 685 929 illud
713 896 796 928 erat
821 891 984 928 insitum
1009 892 1149 941 priscis
1175 891 1263 942 illis,
1287 904 1384 942 quos
1412 904 1547 930 cascos
1573 891 1741 943 appellat

173 948 338 1000 Ennius,
370 960 456 987 esse
488 950 528 987 in
560 954 687 987 morte
721 960 881 987 sensum
911 960 1040 999 neque
1067 961 1231 988 excessu
1258 951 1357 988 vitae
1386 951 1441 988 sic
1468 950 1591 989 deleii
1616 950 1738 989 homi-

174 1019 282 1059 nem,
321 1013 366 1045 ut
404 1007 582 1046 funditus
619 1008 819 1058 interiret3
857 1006 976 1057 idque
1015 1019 1105 1045 cum
1143 1007 1277 1046 multis
1310 1008 1393 1046 aliis
1427 1008 1564 1061 rebus,
1602 1015 1685 1048 tum
1718 1021 1739 1047 e

172 1066 373 1117 pontificio
407 1067 492 1104 iure
526 1065 565 1104 et
603 1078 622 1104 e
655 1064 905 1104 caerimoniis
944 1065 1246 1117 sepulchrorum
1283 1066 1457 1117 intellegi
1495 1067 1604 1119 licet,
1642 1079 1738 1118 quas

173 1126 366 1163 maxumis
404 1126 573 1175 ingeniis
611 1124 780 1175 praediti
819 1136 892 1162 nec
933 1130 1039 1163 tanta
1078 1137 1171 1163 cura
1214 1125 1429 1164 coluissent
1470 1137 1542 1164 nec
1579 1126 1739 1165 violatas

174 1189 252 1222 tam
284 1183 510 1234 inexpiabili
550 1183 739 1234 religione
779 1184 1017 1235 sanxissent,
1059 1185 1134 1222 nisi
1167 1183 1348 1222 haereret
1387 1185 1426 1222 in
1460 1196 1598 1223 eorum
1631 1197 1738 1223 men-

176 1242 283 1281 tibus
316 1248 484 1281 mortem
516 1254 594 1280 non
627 1243 830 1280 interitum
864 1254 950 1280 esse
984 1243 1112 1280 omnia
1145 1242 1347 1281 tollentem
1379 1248 1496 1294 atque
1530 1243 1738 1295 delentem,

220 1390 311 1423 quae
331 1382 395 1413 aut
416 1380 534 1413 beatos
554 1380 622 1413 cet.
668 1378 735 1412 Die
758 1377 918 1413 Schwie-

173 1425 332 1470 rigkeiss,
359 1425 439 1460 dass
466 1426 559 1460 eben
584 1426 623 1459 in
649 1425 715 1459 der
740 1424 916 1460 Vernich-

172 1473 282 1517 tung,
320 1473 360 1507 in
397 1473 481 1507 dem
513 1472 705 1506 Aufhoren
738 1472 803 1507 der
834 1472 917 1506 Exi-

171 1520 272 1554 stenz
305 1520 370 1554 das
404 1519 664 1554 Schreckliche
698 1519 762 1553 des
797 1519 917 1554 Todes

170 1566 274 1611 liegt,
289 1577 396 1601 wenn
416 1578 454 1602 es
474 1567 584 1602 keine
599 1566 803 1601 Fortdauer
821 1566 916 1600 nach

145 1622 153 1649 ·.
171 1613 256 1648 dem
306 1614 406 1648 Tode
456 1614 576 1658 giebt,
639 1613 795 1657 umgeht
844 1612 916 1647 Cic.

171 1661 320 1697 wieder.

218 1708 312 1752 Kap.
342 1707 403 1742 12.
444 1711 498 1742 26.
533 1717 669 1751 erpone
694 1728 738 1732 —
765 1707 915 1741 docebis.

172 1754 248 1790 Das
268 1755 450 1789 Futurum
476 1755 610 1789 driickb
634 1754 715 1789 hier
736 1754 917 1789 ebenfalls

172 1802 243 1837 den
286 1802 451 1836 Wunsch
498 1813 580 1845 aus,
628 1813 697 1835 nur
740 1801 809 1836 mit
852 1801 918 1835 der

171 1849 362 1893 grosseren
395 1848 628 1893 Gewissheit,
667 1848 746 1883 dass
787 1859 826 1883 er
865 1859 917 1883 er-

171 1897 259 1931 ffillt
283 1896 416 1931 werde.

219 1944 318 1978 omni
337 1944 566 1987 antiquitate.
600 1944 673 1977 Fiir
693 1943 752 1977 die
768 1942 916 1977 Stoiker

171 1991 247 2025 und
273 1991 346 2025 alle
371 1990 637 2035 Philosophen‚
666 1990 805 2024 welche
832 1989 916 2024 dem

172 2048 364 2073 consensus
397 2038 556 2082 yentiam
594 2037 675 2072 eine
714 2036 916 2071 besondere

171 2085 416 2120 Beweiskraft
463 2084 636 2128 beilegen
687 2084 773 2128 (vgl.
817 2083 914 2118 Einl.

171 2134 276 2175 521),
303 2131 439 2166 musste
466 2131 525 2166 die
541 2131 720 2175 Meinung
746 2131 810 2165 der
824 2131 914 2165 Vor-

171 2179 244 2213 zeit
285 2189 360 2213 von
403 2178 565 2223 grossem
610 2178 779 2213 Gewicht
825 2178 913 2213 sein.

171 2226 273 2260 Dazu
316 2226 422 2269 kam,
467 2225 546 2260 dass
584 2225 802 2260 Posidonius
840 2225 915 2259 und.

171 2273 285 2307 andi-e
311 2273 383 2307 den
407 2273 577 2307 fruhsten
598 2273 725 2307 Zeiten
745 2272 826 2306 eine
852 2272 915 2306 be-

172 2320 326 2355 sondere
352 2319 538 2354 Weisheit
564 2320 764 2365 beilegten.
818 2319 914 2353 Sext.

171 2366 284 2421 Emp.
315 2366 396 2401 adv.
433 2367 548 2401 math.
584 2366 634 2400 IX
671 2371 714 2400 23
760 2366 834 2399 τῶν
873 2364 913 2399 δὲ

171 2426 363 2468 νδωῖδρων
389 2413 555 2447 στωικῶν
582 2415 679 2457 φασί
706 2425 805 2452 τινες
829 2410 916 2452 τοὺς

171 2457 340 2503 πρώτους
371 2460 435 2494 καὶ
467 2465 636 2504 γηγενεῖς
667 2460 740 2494 τῶν
767 2456 915 2502 ανθρώ-

170 2520 251 2542 πων
290 2505 386 2541 κατὰ
424 2505 518 2542 πολὺ
557 2508 630 2541 τῶν
661 2507 731 2541 νῦν
759 2503 917 2551 ςῖυνὲσει

172 2551 425 2598 διαφέροντας
473 2552 680 2599 γεγονέναι.
753 2553 915 2588 Ahnlich

172 2602 287 2636 sehon
312 2601 420 2636 Plato
447 2602 541 2636 Phil.
570 2601 646 2636 led
678 2599 716 2636 οἷ
744 2599 813 2645 μὲν
845 2614 915 2634 πα-

170 2648 269 2682 λαιοὶ
289 2649 496 2692 κρείττονες
516 2645 621 2693 ἡμῶν
646 2648 711 2683 καὶ
732 2645 914 2692 ἐγγυτέρω

170 2696 275 2730 θεῶν
302 2694 504 2734 οἰκοῦντες.

219 2743 264 2777 ab
297 2745 379 2777 ortu
411 2743 444 2777 d.
471 2742 493 2776 i.
521 2753 594 2776 von
628 2743 692 2776 der
716 2745 915 2786 ursprfing-

172 2789 296 2824 lichen
322 2789 558 2833 Enbstehung
583 2789 647 2824 der
672 2789 914 2824 Menschheit.

220 2840 275 2870 27.
302 2847 416 2871 unum
448 2837 542 2871 illud
577 2837 610 2871 d.
637 2836 659 2871 i.
687 2837 780 2871 illud
801 2837 915 2881 potis-

176 1300 245 1339 sed
278 1301 472 1352 quandam
506 1302 617 1352 quasi
650 1302 922 1351 migrationem
956 1302 1381 1352 commutationemque
1414 1304 1532 1354 vitae,
1568 1314 1666 1353 quae
1699 1303 1738 1341 in

990 1379 1130 1413 simum.
1181 1378 1265 1412 Wie
1302 1379 1363 1413 bei
1402 1379 1485 1413 dem
1512 1378 1734 1424 Superlativ‚

991 1437 1031 1460 so
1064 1425 1168 1459 dient
1199 1437 1295 1460 unus
1327 1427 1422 1460 auch
1454 1426 1535 1461 hier
1566 1427 1638 1461 den
1670 1427 1738 1462 Be-

990 1472 1080 1517 griff
1114 1472 1413 1507 auszuzeichnen.
1466 1474 1500 1509 S.
1528 1473 1561 1508 II
1590 1476 1650 1516 18,
1676 1477 1733 1508 43.

991 1520 1035 1553 de
1063 1519 1122 1554 off.
1150 1520 1199 1553 ΙΙΙ
1227 1524 1259 1563 6,
1285 1524 1330 1554 26
1366 1520 1468 1564 Eryo
1493 1531 1608 1555 ‘einum
1633 1521 1733 1556 debet

990 1577 1061 1601 esse
1092 1567 1258 1601 omnibus
1284 1569 1524 1611 propositum.
1577 1568 1622 1602 de
1648 1567 1737 1603 or.I

994 1617 1053 1656 14,
1082 1617 1126 1647 60
1158 1614 1253 1658 quod
1285 1625 1400 1648 unum
1432 1615 1473 1649 in
1503 1618 1644 1649 oratore
1676 1615 1737 1650 do-

989 1661 1162 1695 minatur.

1038 1718 1176 1742 cascos:
1214 1707 1331 1742 Varro
1365 1707 1409 1742 de
1445 1707 1536 1753 ling.
1571 1709 1635 1744 lat.
1667 1709 1737 1743 VII

990 1758 1035 1789 28
1069 1755 1221 1789 Cascam
1259 1755 1444 1799 significat
1478 1759 1597 1798 vetus;
1635 1756 1736 1801 oriyo

990 1802 1152 1845 Sabina,
1186 1812 1277 1846 quae
1302 1813 1412 1846 usqae
1436 1803 1577 1837 radices
1602 1803 1643 1837 in
1672 1802 1735 1837 Os-

990 1859 1068 1883 cam
1112 1849 1276 1894 linquam
1314 1850 1394 1896 eyit.
1449 1849 1599 1884 Cascam
1637 1853 1737 1884 vetus

989 1906 1060 1930 esse
1096 1896 1281 1940 siqnificat
1317 1896 1486 1939 Ennius,
1530 1897 1625 1941 quod
1663 1898 1735 1931 ait.-

993 1943 1102 1987 inem
1140 1944 1259 1987 prisci
1296 1944 1392 1978 casei
1423 1944 1557 1988 populi
1593 1947 1736 1979 tenuere

989 1990 1131 2024 Latini.

1036 2047 1179 2071 eoecessu
1204 2037 1318 2079 vitae,
1345 2037 1376 2071 d.
1404 2037 1428 2071 i.
1455 2048 1472 2071 e
1496 2038 1583 2072 vita.
1629 2037 1732 2074 Caes.

988 2084 1022 2118 b.
1050 2084 1117 2119 civ.
1146 2084 1179 2117 II
1205 2088 1261 2125 32,
1290 2088 1332 2118 13
1361 2084 1498 2119 Italiae
1523 2085 1660 2129 fugam.

1036 2132 1255 2174 inexpiabili
1298 2132 1470 2175 reliyione
1512 2133 1732 2175 sanxissent,

991 2178 1074 2212 ‘mit
1118 2178 1239 2212 einem
1288 2178 1551 2212 unsfihnbaren
1593 2179 1733 2213 Fluche

987 2225 1204 2270 verponen’.
1219 2225 1297 2259 Liv.
1311 2225 1343 2258 X
1358 2228 1413 2267 40,
1431 2228 1446 2258 1
1456 2229 1471 2259 1
1488 2226 1552 2269 qui
1565 2226 1732 2270 auspicio

989 2273 1100 2314 adest,
1119 2273 1151 2306 si
1170 2273 1258 2316 quid
1278 2272 1366 2314 falsi
1385 2273 1545 2314 nuntiat,
1569 2274 1610 2307 in
1628 2276 1732 2307 semet

988 2320 1108 2363 ipsam
1133 2320 1340 2363 religionem
1365 2320 1505 2363 recipit.
1546 2319 1629 2364 Vgl.
1658 2319 1731 2354 Cic.

989 2367 1033 2401 de
1059 2366 1131 2411 leg.
1159 2367 1192 2400 II
1219 2378 1247 2401 c.
1275 2370 1330 2400 22.

1035 2414 1204 2448 haereret.
1240 2413 1314 2447 Das
1329 2412 1533 2457 Imperfekt
1554 2424 1601 2447 an
1616 2413 1733 2449 Stelle

989 2460 1053 2494 des
1079 2460 1487 2504 plusquamperfectum
1518 2460 1570 2494 im
1600 2460 1732 2495 Bedin-

989 2507 1199 2551 gungsfalle
1232 2508 1295 2542 des
1322 2507 1657 2541 Nichtwirklichen
1681 2507 1731 2543 ist

987 2553 1217 2589 namentlich
1236 2555 1374 2599 hiiufig‚
1395 2564 1498 2588 wenn
1519 2554 1570 2588 im
1590 2553 1730 2599 Haupt-

989 2603 1086 2635 satze
1125 2602 1239 2636 schon
1281 2602 1346 2635 das
1384 2600 1732 2645 Plusquamperfekt

989 2649 1090 2682 steht
1114 2649 1188 2682 und
1209 2648 1267 2683 die
1281 2648 1482 2692 Handlung
1501 2648 1564 2682 des
1585 2648 1618 2682 N
1622 2648 1728 2683 eben-

989 2696 1106 2729 satzes
1133 2695 1369 2739 gleichzeitig
1394 2695 1451 2729 ist.
1479 2694 1514 2728 S.
1535 2694 1587 2728 III
1607 2698 1663 2738 22,
1685 2698 1729 2729 54

987 2743 1192 2777 mederetur.

1036 2801 1126 2833 qaae
1160 2810 1202 2814 —
1239 2790 1316 2824 duoe
1353 2790 1394 2822 in
1431 2789 1567 2823 caelum
1603 2789 1730 2823 soleret

988 2846 1076 2879 esse,
1110 2836 1176 2871 das
1206 2836 1267 2870 bei
1298 2836 1519 2870 beriihmten
1551 2836 1730 2870 Mannern
