1817 3103
306 98 703 135 TUSCULANARUM
729 98 1129 133 DISPUTATIONUM
1156 99 1179 132 I.
1208 104 1356 135 40-42,
1554 100 1608 140 27

56 210 252 250 intellecta
279 215 434 260 natura,
461 208 583 247 multo
610 210 725 247 etiam
752 209 966 258 integriora
992 219 1035 245 ac
1063 209 1221 258 puriora
1250 216 1361 259 sunt,
1389 216 1431 247 ut
1457 222 1476 247 a
1506 217 1609 248 terra

55 269 280 320 longissime
312 280 354 306 se
388 268 572 306 ecferant.
633 265 783 316 Horum
817 267 936 316 igitur
972 265 1117 316 aliquid
1151 267 1304 304 animus
1336 273 1409 312 est,
1450 281 1496 305 ne
1533 275 1611 306 tam

56 332 190 378 vegeta
222 338 332 365 mens
370 332 437 365 aut
474 328 513 364 in
545 325 662 364 corde
695 324 908 363 cerebrove
946 329 1013 363 aut
1050 325 1089 361 in
1122 322 1382 374 Empedocleo
1422 328 1609 376 sanguine

55 385 245 433 demersa,
265 387 399 436 iac-eat.
461 383 742 423 Dicaearchum
769 395 860 421 vero
887 394 976 421 cum
997 382 1230 420 Aristoxeno
1264 382 1416 433 aequali
1449 389 1487 420 et
1519 396 1608 421 con·
1629 381 1680 423 18

55 443 246 495 discipulo
279 455 368 494 suo,
407 442 544 481 doctos
577 454 668 480 sane
701 441 897 492 homines,
936 442 1180 492 omittamus,
1220 453 1388 491 quorum
1427 440 1524 479 alter
1562 454 1610 479 ne

54 502 301 541 condoluisse
335 501 494 552 quidem
525 512 710 551 umquam
743 499 914 550 videtur,
954 501 1020 550 qui
1053 500 1226 537 animum
1266 511 1306 537 se
1348 499 1491 537 habere
1534 511 1611 537 non

56 562 216 612 sentiat,
254 559 351 598 alter
389 562 441 598 ita
480 559 697 598 delectatur
735 560 816 597 suis
855 558 1051 609 cantibus,
1091 564 1134 596 ut
1171 570 1238 596 eos
1277 559 1393 596 etiam
1432 557 1478 595 ad
1517 557 1611 596 11366

55 619 270 658 transferre
297 624 473 657 conetur.
529 617 780 656 Harmoniam
807 623 937 655 autem
965 629 1012 654 ex
1039 615 1252 654 intervallis
1279 628 1469 655 sonorum
1496 628 1611 654 nosse

53 689 282 729 possumus,
317 688 486 727 quorum
518 678 620 714 varia
654 677 872 726 conpositio
905 677 1022 714 etiam
1054 674 1276 712 harmonias
1310 675 1431 713 efficit
1463 675 1610 726 plures,

0 724 2 738 '
54 735 322 774 membrorum
354 747 446 773 vero
478 736 578 773 situs
605 740 643 773 et
670 734 792 784 figura
820 735 998 784 corporis
1026 745 1164 785 vacans
1190 735 1318 771 animo
1346 745 1461 784 quam
1489 734 1613 784 possit

53 793 296 832 harmoniam
329 793 485 842 effifiel'ss
518 805 596 831 non
630 792 751 831 video.
815 792 892 831 Sed
924 792 987 830 bic
1021 792 1196 843 quidem,
1229 793 1406 842 quamvis
1433 792 1612 830 cruditus

55 853 124 905 sit,
150 854 252 891 sicut
278 858 355 902 est,
380 852 476 890 haec
502 853 688 902 magistro
716 851 905 889 concedat
930 850 1149 902 Aristoteli,
1176 862 1316 888 canere
1345 852 1427 901 ipse
1455 850 1612 901 doceat3

53 910 152 950 bene
185 912 289 949 enim
321 910 386 948 illo
420 910 658 949 Graecorum
690 909 899 961 proverbio
932 911 1191 961 praecipitur:

263 993 382 1029 quam
414 979 581 1029 quisque
612 983 721 1020 norit
753 979 898 1024 amem,
936 982 974 1018 in
1008 981 1086 1019 hac
1118 992 1160 1019 se
1194 979 1398 1019 exerceat.

55 1051 162 1090 Illam
203 1064 295 1090 vero
341 1050 517 1090 funditus
563 1052 747 1089 eiciamus
793 1049 1083 1088 individuorum
1128 1062 1340 1101 corporum
1385 1049 1528 1088 levium
1573 1057 1611 1088 et
1626 1055 1670 1086 4⁶2

52 1110 316 1150 rutundorum
346 1111 646 1149 concursionem
679 1110 898 1159 fortuitam,
931 1120 1047 1159 quam
1080 1115 1210 1147 tamen
1237 1108 1484 1147 Democritus
1518 1120 1608 1147 con-

53 1169 276 1208 calefactam
317 1175 355 1207 et
393 1167 635 1219 spirabilem,
678 1167 716 1205 id
761 1173 820 1205 est
864 1167 1087 1218 animalem,
1126 1179 1211 1205 esse
1251 1167 1340 1205 volt.
1404 1167 1440 1205 Is
1479 1173 1611 1205 autem

54 1229 223 1279 animus,
262 1228 347 1278 qui,
392 1228 424 1264 si
463 1232 522 1264 est
559 1226 701 1264 horum
740 1231 926 1276 quattuor
963 1237 1170 1277 generum,
1215 1237 1261 1263 ex
1301 1225 1444 1276 quibus
1483 1226 1613 1263 omnia

54 1291 234 1324 constare
274 1285 478 1335 dicuntur,
524 1297 571 1323 ex
614 1284 849 1322 inflammata
895 1286 1022 1322 anima
1062 1290 1231 1334 constat,
1277 1290 1320 1321 ut
1363 1285 1613 1334 potissimum

53 1344 178 1383 videri
209 1343 320 1383 video
354 1343 557 1394 Panaetio,
591 1344 795 1410 supeiiora
827 1349 1005 1394 capessat
1036 1355 1199 1381 necesse
1232 1348 1302 1381 est
1365 1342 1470 1381 Nihil
1509 1344 1613 1381 enim

54 1402 199 1442 habent
229 1403 325 1441 11366
358 1401 620 1482 dweia
636 1403 753 1454 proni
785 1408 823 1440 et
855 1414 998 1453 supera
1024 1414 1180 1453 sempei
1211 1407 1362 1452 petunt.

566 1460 617 1476 ¹⁴.

53 1492 132 1527 dies
166 1492 338 1527 Elemenl:
381 1488 689 1534 ακατονόμαστον
732 1502 795 1535 ge-

52 1541 179 1594 11611111.
227 1538 445 1574 Aristoteles
484 1541 599 1573 11611111
636 1549 673 1573 66
705 1551 794 1583 πεμ-

51 1583 146 1621 πτὸν
164 1585 273 1630 γένος
291 1586 365 1620 τῶν
386 1587 578 1629 στοιχείων
595 1585 684 1620 oder
697 1586 795 1627 πρῶ-

51 1645 116 1668 τον
142 1634 264 1678 σῶμα,
289 1630 414 1675 πρώτη
440 1630 568 1676 οὐσιᾋα
594 1632 670 1666 1111(1
689 1644 796 1666 wenn

53 1691 92 1714 er
117 1680 223 1715 dafiir
248 1679 344 1714 auch
369 1676 487 1722 αἰθήρ
514 1680 615 1724 sagt,
650 1689 689 1714 so
715 1690 795 1713 ver-

51 1727 172 1762 wahrt
207 1737 246 1761 er
282 1726 362 1761 sich
400 1725 495 1760 doch
533 1707 795 1760 ausdriicklich

52 1785 172 1818 gegen
203 1773 262 1808 die
288 1773 497 1816 Annahme,
530 1772 611 1807 dass
643 1783 682 1807 er
715 1773 796 1807 dar-

50 1822 159 1855 unter
179 1819 347 1855 dasselbe
369 1819 538 1855 verstehe
565 1820 633 1854 wie
661 1820 796 1854 andere

51 1867 305 1912 Philosophen
338 1868 447 1901 1111161·
483 1865 619 1911 αἰθήρ,
658 1877 698 1901 er
734 1867 796 1901 be-

52 1914 275 2006 ἕὲἲῗωέξίξ
288 1913 797 1996 ᾱὲἱὲνὶῗῷἓῗέῧᾎῖῒθὲἓῗ

51 2019 225 2053 nennung
250 2007 322 2042 den
347 2007 536 2042 Dichtern.

98 2066 142 2090 ne
167 2075 211 2080 —
231 2055 364 2089 iaceat:
392 2055 486 2089 ‘dies
512 2065 600 2099 sage
626 2054 704 2098 1611,
731 2054 794 2089 da-

52 2101 121 2136 11111
144 2101 251 2136 nieht
274 2103 371 2136 etwa
396 2102 461 2136 der
487 2100 591 2136 Geist
616 2113 650 2135 u.
678 2112 705 2136 s.
732 2102 791 2135 w.’

52 2149 118 2183 das
153 2147 266 2184 haifst
302 2148 397 2183 also:
442 2148 540 2183 denn
582 2159 690 2182 wenn
727 2148 795 2182 wir

51 2195 155 2231 1116111
188 2207 228 2230 60
265 2195 440 2238 1111611611,
489 2206 529 2230 60
567 2195 692 2230 wiirde
731 2195 796 2229 der

53 2242 158 2277 Geist
175 2254 209 2276 u.
226 2254 252 2276 s.
267 2254 312 2276 w.
363 2241 410 2276 So
437 2242 540 2276 (116111
558 2253 602 2276 oze
625 2242 794 2286 zugleich

52 2301 115 2324 um
135 2289 194 2324 die
208 2289 365 2323 Ansicht
384 2288 447 2323 des
461 2287 625 2333 Gegners
642 2290 794 2323 211111611-

53 2336 247 2371 zuweisen.
298 2335 343 2370 (16
368 2335 429 2370 fin.
455 2336 471 2369 Ι
499 2340 559 2379 13,
589 2339 634 2369 43
680 2335 797 2380 Quam

53 2386 172 2418 autem
191 2384 310 2418 dicam
329 2383 546 2426 voluptatem
564 2383 639 2417 iam
658 2383 797 2424 videtis,

53 2441 98 2464 ne
120 2430 266 2466 invidia
290 2429 388 2464 verbi
419 2430 656 2472 labefactetur
680 2430 798 2464 oratio

53 2487 139 2511 mea.
191 2476 226 2511 8.
246 2475 399 2520 Madvig
418 2489 446 2511 z.
467 2476 512 2510 de
531 2476 592 2510 fin.
612 2476 646 2510 II
665 2480 721 2520 24,
741 2480 795 2511 77.

100 2523 193 2568 Kap.
227 2523 291 2558 18.
340 2522 608 2558 Dicaearchum
644 2534 672 2559 6.
710 2523 798 2558 Ari—

54 2573 163 2613 stox„
188 2582 217 2605 6.
243 2573 262 2611 ἓ
289 2573 334 2604 20
354 2568 389 2606 ff

102 2616 220 2662 Quam
253 2617 402 2661 quisque
436 2618 534 2652 norit
564 2619 633 2651 661.
684 2616 796 2651 Arist.

54 2662 164 2708 Vesp.
193 2667 282 2698 1431
316 2662 419 2707 ἔρδοι
450 2677 521 2708 τις,
558 2659 604 2708 ἣν
644 2662 798 2703 ἕκαστος

56 2708 173 2754 εἰδείη
209 2709 355 2754 τέχνην.
406 2710 495 2746 Hor.
521 2710 587 2755 Ep.
620 2710 637 2743 Ι
664 2714 724 2753 14,
752 2716 797 2745 44

56 2755 174 2801 Quam
203 2759 269 2792 scit
305 2760 452 2802 uterque
483 2758 613 2800 libens,
655 2739 797 2792 eevtkebo

55 2807 215 2838 exerceat
233 2807 355 2838 artem.
393 2804 640 2849 Paroemiogr.
662 2816 696 2849 g.
712 2804 797 2838 VIII

56 2853 100 2884 39
126 2850 181 2887 ed.
202 2849 427 2886 Schneidew.
449 2851 524 2886 und
550 2851 711 2886 Leutsch
731 2850 796 2885 τὸν

1426 1401 1499 1453 Ita,
1532 1402 1611 1439 sive

869 1491 1036 1548 φροῦρον
1062 1488 1129 1536 χρὴ
1156 1494 1355 1535 φρουρεῖν,
1376 1488 1441 1525 τὸν
1469 1487 1614 1533 ἐρῶντα

869 1535 908 1572 δ’
936 1534 1036 1580 ἐρᾶν

916 1588 971 1619 42
1002 1585 1133 1618 let-ium
1169 1588 1201 1619 et
1238 1585 1493 1619 rutundorum.
1546 1580 1614 1618 Die

868 1632 1001 1666 Atome
1017 1631 1098 1665 sind
1110 1631 1206 1666 nach
1220 1631 1414 1666 Demokrit
1427 1642 1475 1665 an
1484 1630 1615 1665 Grasse

867 1678 944 1712 und
964 1677 1382 1721 GestaItverschiedeu,
1403 1677 1463 1712 die
1480 1678 1614 1712 Atome

868 1725 933 1759 der
953 1724 1056 1759 86616
1083 1724 1142 1759 die
1169 1724 1355 1759 kleinsten
1380 1725 1457 1759 und
1484 1724 1615 1768 kugel-

869 1771 1021 1816 formig,
1059 1770 1180 1806 sodass
1216 1771 1268 1806 sie
1303 1782 1363 1806 am
1391 1770 1615 1815 beweglich-

870 1821 952 1852 61611
977 1819 1068 1853 sind.
1120 1818 1179 1853 Sie
1213 1818 1295 1852 sind
1326 1818 1514 1853 dieselben
1546 1818 1615 1852 wie

869 1865 928 1899 die
954 1867 1089 1900 Atome
1115 1866 1179 1899 des
1206 1865 1340 1900 Feuers
1366 1865 1442 1899 und
1469 1865 1617 1899 werden

869 1912 985 1946 durch
1012 1911 1208 1946 Einatmen
1243 1912 1308 1946 der
1336 1911 1617 1947 Fenerteilchen

869 1970 933 1994 aus
960 1959 1024 1993 der
1043 1958 1132 1993 Luft
1151 1959 1203 1993 im
1222 1959 1366 2004 Korper
1386 1969 1615 1993 zusammen-

870 2006 1057 2051 ζ(1611611611.
1109 2005 1157 2040 80
1184 2006 1325 2040 erklart
1351 2005 1430 2040 sich
1459 2006 1617 2041 concale-

866 2054 967 2096 facta
992 2057 1024 2087 et
1054 2054 1261 2097 spirabilis,
1299 2064 1374 2087 was
1412 2053 1501 2088 aber
1539 2051 1615 2086 Cic.

866 2100 1012 2135 freilich
1039 2100 1104 2133 auf
1127 2111 1297 2144 corpora,
1324 2100 1428 2134 1116111
1447 2100 1514 2134 auf
1536 2109 1617 2134 con-

867 2148 986 2182 cursio
1005 2146 1110 2181 hatte
1129 2147 1308 2181 beziehen
1330 2146 1458 2182 6011611.
1503 2145 1615 2180 Arist.

867 2195 912 2228 de
938 2193 1029 2228 cael.
1056 2193 1108 2227 ΙΙΙ
1134 2198 1166 2229 4.
1217 2193 1261 2227 (16
1288 2204 1346 2228 an.
1374 2193 1389 2226 Ι
1414 2197 1446 2228 2.
1475 2213 1519 2218 -
1545 2193 1614 2227 Die

867 2240 976 2275 Form
1010 2241 1194 2275 rutundus
1228 2240 1355 2275 bieten
1393 2240 1452 2274 die
1486 2240 1617 2274 11661611

868 2288 993 2331 Ηᾰ66.,
1035 2299 1062 2323 s,
1101 2287 1317 2322 Lachmann
1366 2299 1393 2321 2.
1437 2287 1543 2321 Lucr.
1583 2286 1617 2320 Π

916 2383 1145 2425 inflammata
1171 2382 1306 2416 anima.
1359 2380 1463 2416 Ohne
1484 2381 1616 2415 Enter-

871 2428 998 2463 schied
1018 2439 1162 2463 1161111611
1181 2428 1240 2463 die
1262 2428 1411 2463 Stoiker
1430 2428 1489 2462 die
1511 2427 1616 2462 86616

869 2475 959 2509 bald
983 2475 1075 2520 πῦρ,
1100 2475 1191 2509 bald
1222 2475 1372 2518 πνεῦμα
1415 2473 1612 2518 ἔνθερμον.

871 2522 916 2556 (16
942 2522 1041 2557 deor.
1068 2534 1103 2556 n.
1130 2521 1181 2556 III
1204 2526 1264 2565 14,
1285 2526 1329 2556 36
1355 2522 1498 2556 sumitis
1524 2521 1618 2555 nihil

872 2580 942 2604 esse
968 2570 1132 2604 animum
1156 2570 1232 2603 nisi
1255 2570 1384 2613 iynem.

920 2616 1112 2651 Panaetio.
1163 2615 1199 2650 S.
1226 2616 1369 2657 Einhg
1397 2620 1416 2650 6
1443 2627 1476 2648 u.
1504 2618 1560 2649 27.

916 2664 1002 2698 haec
1027 2664 1099 2698 duo
1123 2673 1273 2707 genera,
1300 2662 1333 2696 d.
1355 2663 1378 2696 i.
1404 2662 1521 2696 Feuer
1539 2660 1616 2694 und

869 2709 966 2744 Luft.

916 2757 989 2792 sive
1025 2757 1256 2800 dissipantur
1289 2776 1332 2780 —
1367 2756 1439 2789 sive
1470 2765 1616 2798 perma-

869 2807 964 2838 nent.
1015 2803 1142 2837 Damit
1173 2803 1255 2837 sind
1291 2802 1350 2836 die
1386 2801 1617 2836 abweichen·

870 2850 941 2884 den
975 2850 1178 2884 Ansichten
1217 2849 1282 2883 der
1318 2847 1465 2883 Stoiker
1500 2858 1613 2892 ange-
