1790 3103
147 93 204 134 54
682 93 730 127 Μ.
757 92 919 128 TULLII
946 91 1199 127 CICERONIS

144 203 220 242 illis
253 201 459 241 silentibus
492 201 531 240 C.
552 203 764 241 Amafinius
797 204 946 241 exstitit
978 202 1131 253 dicens,
1163 203 1276 240 cuius
1312 200 1423 239 libris
1455 200 1571 240 editis
1603 213 1705 240 com·

146 267 250 300 mota
289 260 497 300 multitudo
538 260 703 300 contulit
742 273 782 299 se
827 260 873 299 ad
913 273 997 299 eam
1036 261 1284 310 potissimum
1323 259 1585 311 disciplinam,
1624 261 1704 299 sive
1740 276 1742 278 ’

148 319 251 370 quod
298 326 382 358 erat
425 321 583 370 cognitu
634 319 849 371 perfacilis,
900 321 979 357 sive
1036 318 1140 369 quod
1190 318 1455 356 invitabantur
1498 317 1706 358 inlecebris

147 377 299 416 blandis
341 378 567 430 voluptatis,
613 380 691 416 sive
734 379 867 428 etiam,
913 379 1003 428 quia
1048 376 1144 415 nihil
1188 383 1272 415 erat
1315 376 1509 427 prolatum
1553 376 1706 429 melius,

114 435 262 489 Tillud,
294 437 396 488 quod
431 443 532 488 erat,
573 436 770 475 tenebant.

832 436 926 474 Post
957 436 1191 474 Amafinium
1222 441 1351 473 autem
1385 434 1498 474 multi
1530 435 1708 474 eiusdem

149 495 290 534 aemuli
323 497 485 534 rationis
513 495 633 534 multa
660 507 749 533 cum
776 495 1047 547 scripsissent,
1078 493 1226 532 Italiam
1254 499 1373 532 totam
1400 500 1708 546 occupaverunt,
1743 540 1748 541 ⁷

149 554 332 605 quodque
366 566 592 592 maxumum
625 559 901 603 argumentum
940 559 1000 591 est
1035 565 1113 591 non
1145 553 1223 591 dici
1254 552 1316 590 illa
1349 552 1565 604 subtiliter,
1603 552 1708 603 quod

149 620 187 651 et
224 619 302 651 tam
343 612 453 651 facile
494 612 719 650 ediscantur
764 618 803 650 et
841 611 887 649 ab
926 611 1093 650 indoctis
1134 610 1370 663 probentur,
1409 611 1447 649 id
1486 610 1540 649 illi
1579 611 1707 650 firma·
1745 628 1751 636 ·

104 658 323 710 4mentum
350 683 437 709 esse
464 670 691 721 disciplinae
718 676 867 721 putant.

931 670 1007 708 Sed
1035 669 1218 708 defendat
1245 669 1346 720 quod
1375 671 1542 720 quisque
1572 671 1708 721 sentit3

147 736 240 768 sunt
265 731 369 768 enim
396 729 538 768 iudicia
565 728 704 768 libera:
737 741 808 767 nos
835 730 1060 767 institutum
1087 728 1309 767 tenebimus
1337 728 1561 778 nulliusque
1588 729 1706 766 unius

146 788 374 839 disciplinae
406 788 558 839 legibus
585 787 778 837 adstricti,
811 787 954 838 quibus
982 789 1019 825 in
1048 787 1293 838 philosophia
1320 788 1544 825 necessario
1571 798 1706 837 parea-

148 859 250 896 muS,
284 847 375 897 quid
410 848 460 885 sit
491 849 530 885 in
565 859 718 897 quaque
752 859 793 884 re
825 848 991 885 maxime
1024 845 1224 897 probabile
1259 857 1415 896 semper
1441 847 1706 896 requiremus.

147 904 258 950 Quod
292 918 382 944 cum
415 918 530 956 saepe
563 905 672 956 alias,
712 911 795 943 tum
831 917 957 955 nuper
995 906 1035 942 in
1068 904 1291 943 Tusculano
1329 904 1505 943 studiose
1545 905 1708 955 egimus.

146 964 280 1014 Itaque
315 965 502 1015 expositis
535 963 655 1002 tridui
688 963 1019 1014 disputationibus
1053 968 1217 1013 quartus
1256 962 1339 1001 dies
1373 962 1446 1001 hoc
1478 961 1580 1000 libro
1613 974 1708 1001 con·
1750 994 1751 997 ,

146 1022 330 1061 cluditur.

111 1138 131 1165 8

146 1269 325 1296 vacare.

196 1488 233 1522 G.
255 1489 482 1531 Amafinius,
510 1499 536 1521 s.
558 1501 585 1522 z,
608 1488 622 1521 Ι
643 1492 675 1530 3,
698 1492 728 1521 6.
774 1486 886 1521 Acad.

145 1535 161 1568 Ι
189 1539 226 1579 2,
253 1539 272 1570 5
308 1535 415 1570 Vides
446 1538 564 1570 autem
589 1535 666 1578 ipse
690 1545 761 1569 non
785 1544 890 1577 posse

145 1593 210 1617 nos
244 1582 425 1625 Amafinii
462 1586 527 1616 aut
566 1581 719 1616 Rabirii
755 1581 890 1615 similes

146 1640 233 1672 esse,
260 1630 325 1674 qui
350 1630 455 1664 nulla
480 1632 557 1663 arie
577 1629 743 1663 adhibita
769 1629 811 1662 de
836 1639 888 1662 re-

147 1678 213 1711 bus
238 1680 321 1711 ante
346 1677 466 1711 oeulos
488 1676 619 1720 positis
643 1675 790 1719 vulqari
818 1685 889 1709 ser-

145 1734 247 1758 mone
294 1724 503 1767 disputant:
552 1723 647 1757 nihil
696 1723 888 1765 definiunt,

145 1772 240 1805 nihil
258 1772 499 1814 partiuntur,
531 1771 625 1804 nz'liil
657 1772 746 1813 apta
783 1770 893 1803 inter-

146 1818 333 1863 roqatione
358 1818 600 1858 concludunt,
628 1817 768 1851 nullam
794 1816 893 1851 (leni-

146 1877 212 1910 que
238 1868 350 1899 artem
376 1876 446 1900 esse
470 1875 535 1899 nec
560 1864 705 1898 (licendi
730 1873 794 1898 nec
819 1863 894 1898 clis-

146 1913 288 1947 serendi
308 1915 456 1956 putant.

194 1960 316 1994 (licens
341 1958 390 1993 ist
422 1970 485 1993 um
511 1958 582 1992 den
607 1957 815 2002 Gegensatz
849 1968 894 1990 zu

147 2007 335 2041 silentibus
374 2003 676 2041 hervorzuheben
715 2003 891 2048 hinzuge—

147 2053 241 2095 fiig'c.

194 2100 450 2135 invitabantur
488 2098 569 2133 hier
608 2115 650 2127 =

146 2151 217 2183 tur.

195 2195 268 2229 sive
286 2195 394 2228 etiam
414 2213 458 2218 -
480 2193 656 2228 tenebant.
703 2190 894 2225 Wi'ihrend

686 2098 737 2132 all
741 2097 896 2132 icieban-

148 2240 208 2276 die
246 2241 379 2275 beiden
417 2242 538 2274 ersten
575 2239 645 2273 mit
691 2239 764 2273 sive
801 2237 896 2282 quod

148 2287 409 2332 eingesiihrten
449 2287 555 2321 Satze
593 2297 666 2320 von
698 2285 896 2319 multitudo

147 2347 183 2370 se
220 2335 373 2370 contulit
411 2334 624 2378 abhangen‚
670 2332 791 2366 erhalt
830 2332 894 2366 der

149 2382 262 2417 dribbe
288 2382 361 2416 sive
387 2381 493 2415 eliam
519 2381 606 2424 quia
636 2379 765 2413 seinen
795 2378 893 2423 eige-

147 2441 219 2464 nen
245 2428 441 2462 Nachsatz.
470 2447 513 2452 —
542 2427 592 2460 Zu
618 2427 713 2470 quod
739 2429 816 2460 erat
845 2424 895 2459 ist

144 2477 331 2521 prolatum
356 2487 399 2508 zu
426 2477 617 2518 erganzeu.

198 2527 228 2557 7.
269 2523 425 2556 Italiam
462 2524 573 2555 totam
613 2521 894 2563 occupaverunt.

149 2570 218 2605 Die
245 2569 360 2603 durch
387 2567 454 2602 das
476 2565 763 2602 Senatskonsull:
788 2565 839 2599 im
859 2565 892 2598 J.

151 2621 217 2652 161
247 2617 289 2660 (s.
312 2615 405 2650 Einl.
428 2618 446 2656 ἕ
469 2616 503 2658 6)
530 2613 790 2648 vertriebenen
809 2611 894 2645 Phi-

148 2663 332 2708 losophen
352 2673 476 2696 waren
499 2659 788 2704 haupts'achlich
807 2657 895 2702 Epi-

149 2712 293 2745 kureer.
338 2709 448 2744 Trotz
469 2708 535 2742 der
549 2706 798 2750 Verbreibung
818 2715 895 2739 ver-

149 2758 334 2792 breite‘cen
378 2755 457 2790 sich
501 2755 617 2789 sehon
654 2753 797 2787 damals
837 2751 897 2786 die

150 2804 383 2839 Grundsatze
403 2802 523 2837 dieser
543 2800 677 2836 Schule
698 2799 802 2834 mehr
820 2798 897 2833 und

153 2851 267 2886 mehr.
319 2851 454 2884 Lucrez
481 2848 579 2893 (geb.
607 2849 666 2892 99)
694 2845 818 2882 stellte
838 2845 898 2879 ihr

394 1022 443 1060 Ut
475 1023 580 1060 enim
612 1023 651 1060 in
684 1023 914 1060 inferiorem
941 1021 1247 1060 ambulationem
1273 1020 1571 1073 descendimus,
1605 1021 1710 1072 quod
1752 1038 1775 1058 m

146 1081 366 1120 feceramus
397 1080 500 1119 idem
534 1080 806 1131 superioribus
838 1080 994 1131 diebus,
1027 1086 1111 1118 acta
1143 1092 1207 1118 res
1240 1085 1299 1118 est
1331 1081 1398 1118 sic.

266 1141 320 1178 M.
354 1139 481 1191 Dicat,
527 1141 559 1177 si
598 1141 686 1190 quis
725 1139 820 1191 volt,
867 1151 943 1190 qua
981 1138 1027 1177 de
1067 1151 1109 1176 re
1146 1137 1339 1189 disputari
1371 1138 1472 1176 velit.

146 1198 259 1236 mihi
305 1198 494 1237 videtur
545 1200 670 1236 omni
721 1199 862 1236 animi
912 1197 1285 1248 perturbatione
1336 1209 1474 1248 posse
1521 1198 1712 1248 sapiens
1755 1204 1768 1232 λ

391 1258 445 1295 M.
480 1257 735 1308 Aegritudine
774 1256 931 1307 quidem
971 1256 1157 1295 hesterna
1196 1256 1461 1307 disputatione
1496 1255 1712 1308 videbatur,
1764 1263 1766 1266 ’

146 1317 222 1354 nisi
267 1317 366 1354 sorte
411 1317 601 1367 temporis
647 1327 762 1354 causa
809 1314 921 1353 nobis
967 1314 1251 1353 adsentiebarc.

146 1387 235 1413 nam
269 1375 361 1413 mihi
393 1376 549 1425 egregie
576 1374 738 1426 probata
771 1380 832 1412 est
864 1375 988 1412 oratio
1022 1380 1098 1412 tua.

1535 1140 1580 1176 Α.
1613 1137 1711 1177 Non
1752 1114 1769 1165 ἶ

1315 1316 1360 1353 Α.
1400 1314 1559 1353 Minime
1599 1326 1711 1366 vero;
1760 1311 1765 1326 ⁷

1163 1374 1217 1412 M.
1250 1373 1335 1412 Non
1362 1374 1483 1424 igitur
1510 1374 1712 1412 existimas

964 1487 1110 1531 system
1160 1486 1200 1519 in
1250 1485 1389 1520 seinem
1434 1485 1711 1530 Lehrgedichte

962 1533 1038 1568 dar.
1088 1532 1195 1568 Nach
1210 1532 1413 1566 Amafinius
1434 1543 1558 1567 waren
1578 1533 1708 1567 beson-

962 1580 1045 1615 ders
1060 1579 1244 1615 Griechen
1259 1580 1328 1613 wie
1345 1578 1512 1614 Phadrus
1527 1579 1600 1614 und
1614 1579 1712 1614 Zeno

963 1628 1029 1671 (ΙΙΙ
1043 1632 1062 1669 ξ
1077 1629 1137 1671 38)
1156 1626 1221 1660 auf
1233 1626 1292 1661 die
1308 1626 1444 1661 Remer
1460 1637 1530 1661 von
1545 1625 1709 1662 Einfluss.

1009 1676 1237 1709 ediscantur:
1275 1674 1445 1715 ediscere,
1477 1673 1710 1718 vollstandig

963 1722 1106 1765 lernen,
1149 1719 1352 1765 cigentlich
1390 1720 1471 1755 eine
1511 1719 1629 1755 Sache
1671 1730 1711 1755 so

967 1769 1113 1809 lernen,
1153 1766 1233 1802 dass
1270 1778 1357 1802 man
1389 1766 1442 1802 sie
1474 1767 1570 1802 ohne
1601 1767 1714 1802 Mfihe

966 1816 1041 1850 und
1079 1814 1334 1849 Nachdenken
1371 1814 1555 1858 hersagen
1600 1814 1712 1849 kann.

967 1863 1011 1897 de
1038 1873 1088 1898 or.
1116 1863 1132 1896 I
1159 1865 1223 1906 58,
1251 1866 1319 1896 246
1355 1862 1527 1895 inertiam
1564 1871 1714 1896 accusas

966 1911 1269 1950 adulescentium,
1293 1909 1358 1953 qui
1376 1910 1484 1943 istam
1504 1911 1616 1943 artem
1634 1909 1711 1953 pri-

966 1968 1063 1991 mum
1088 1957 1303 1999 facillimam
1327 1966 1403 1990 non
1427 1956 1599 1990 ediscant.

1014 2004 1107 2048 Kap.
1128 2002 1165 2037 4.
1199 2003 1409 2047 nulliusque
1427 2002 1540 2037 unius
1559 2002 1715 2046 discipl„

971 2051 1116 2085 ‘keiner
1159 2049 1351 2084 einzelnen
1395 2048 1559 2083 Schule’.
1610 2047 1645 2084 S.
1680 2047 1712 2081 V

968 2102 1024 2140 36,
1054 2101 1120 2132 105
1146 2107 1247 2130 nemo
1273 2096 1316 2131 de
1339 2096 1443 2130 nobis
1475 2105 1572 2130 unus
1603 2095 1713 2130 eoeeel-

968 2146 1030 2179 lat.
1082 2144 1161 2179 Liv.
1188 2143 1221 2177 ΙΙ
1248 2147 1280 2186 6,
1307 2147 1326 2177 3
1361 2153 1416 2177 eos
1448 2143 1543 2177 inter
1567 2152 1603 2178 se
1626 2143 1716 2187 quia
1770 2153 1772 2158 ’

968 2202 1069 2226 nemo
1095 2201 1192 2225 unus
1216 2191 1306 2224 satis
1331 2190 1465 2234 diynus
1485 2200 1594 2235 reyno
1613 2190 1713 2224 visus
1770 2190 1772 2200 '

968 2240 1031 2281 sil,
1063 2240 1187 2282 partes
1211 2237 1315 2280 reqni
1339 2237 1516 2280 rapuisse.
1567 2236 1712 2272 Ebenso

969 2285 1124 2330 positiv:
1153 2284 1197 2319 de
1224 2283 1282 2319 off.
1310 2284 1342 2317 II
1371 2287 1424 2327 12,
1450 2287 1493 2317 41
1526 2284 1575 2318 ad
1599 2294 1714 2318 unum

967 2334 1123 2377 aliquem
1149 2331 1417 2375 confugiebant.
1457 2330 1537 2364 Liv.
1554 2329 1603 2364 VI
1622 2333 1679 2374 40,
1693 2333 1713 2364 6

966 2390 1063 2415 unus
1092 2379 1294 2424 Quiritium
1319 2378 1478 2422 quilibet.

1013 2427 1055 2461 in
1097 2425 1303 2468 inferiorem
1342 2424 1639 2466 ambulationem,
1676 2422 1716 2458 in

967 2474 1025 2508 die
1053 2483 1177 2517 sogen.
1204 2471 1429 2515 Akademie‚
1455 2482 1481 2506 s.
1505 2483 1534 2505 z.
1555 2470 1588 2504 ΙΙ
1615 2474 1655 2514 3,
1681 2473 1713 2504 9.

1014 2523 1045 2554 8.
1073 2520 1242 2562 temporis
1268 2528 1398 2561 eausa,
1432 2518 1466 2552 d.
1494 2517 1516 2551 i.
1544 2518 1710 2560 tempori-

967 2568 1032 2602 bus
1082 2567 1279 2609 adduetus‚
1331 2565 1412 2599 ‘der
1453 2563 1714 2598 Verbaltnisse

968 2613 1127 2655 halber’,
1154 2613 1232 2647 also
1258 2611 1344 2646 weil
1363 2611 1432 2653 A.,
1458 2610 1514 2645 als
1537 2610 1603 2645 der
1621 2610 1714 2644 inn-

968 2671 1073 2705 gere,
1099 2660 1177 2695 sich
1192 2659 1359 2701 scheme,
1382 2659 1512 2703 langer
1526 2669 1570 2691 zu
1583 2657 1716 2691 wider-

970 2707 1159 2752 sprechen.
1209 2710 1348 2749 tempus
1372 2704 1447 2739 und
1471 2708 1631 2748 tempora
1649 2703 1712 2738 be-

970 2754 1138 2789 zeichnet
1164 2752 1223 2787 die
1248 2751 1418 2787 {iusseren
1446 2749 1716 2794 Verhffltnisse,

970 2801 1065 2835 auch
1104 2799 1316 2845 abgesehen
1352 2809 1425 2833 von
1458 2797 1583 2843 jedem
1618 2796 1716 2832 Zeit-

970 2847 1113 2893 begriff.
