1817 3103
301 64 693 125 'l‘USCULANARUM
720 89 1118 125 DISPUTATIONUM
1146 92 1169 125 I.
1199 94 1345 126 61-65.
1542 90 1596 128 39

52 200 164 250 solis,
221 201 367 250 uinque
401 200 615 238 errantium
648 204 776 238 motus
808 200 847 237 in
880 198 1083 249 sphaeram
1115 199 1303 250 inligavit,
1337 201 1463 238 effecit
1495 199 1596 238 idem

52 258 157 311 quod
201 258 281 309 ile,
326 260 392 309 qui
433 259 472 297 in
510 258 667 298 Timaeo
707 257 893 296 mundum
932 257 1146 295 aedificavit
1183 257 1354 295 Platonis
1398 259 1510 309 deus,
1555 265 1595 296 ut

52 317 235 366 tarditate
280 322 319 355 et
361 317 559 356 celeiitate
597 316 874 355 dissimillimos
914 322 1041 354 motus
1080 326 1152 354 una
1193 322 1345 373 regeret
1383 290 1596 354 conve’rsio.

51 374 165 422 Quod
198 376 230 413 si
261 376 299 414 in
332 375 404 414 hoc
436 375 581 414 mundo
614 376 697 414 fieri
738 377 820 413 sine
859 374 931 412 deo
970 386 1047 412 non
1084 380 1173 425 pot(
1179 380 1232 426 st
1270 386 1316 411 ne
1358 375 1395 411 in
1435 373 1596 423 sphaeia

50 434 209 487 quidem
253 433 410 495 eosdem
454 440 582 473 motus
620 433 873 472 Archimedes
914 434 996 471 sine
1039 432 1167 471 divino
1210 434 1364 483 ingenio
1407 433 1595 482 potuisset

51 494 205 532 imitari

168 550 260 589 Mihi
300 564 389 589 vero
435 564 481 589 ne
520 551 612 589 haee
652 551 807 601 quidem
847 552 996 589 notiora
1042 556 1079 588 et
1125 550 1348 588 inlustriora
1389 560 1521 587 carere
1562 532 1668 613 νίἓὲ)

48 611 177 650 divina
209 609 408 661 videntur,
445 615 487 648 ut
520 621 590 660 ego
623 615 689 648 aut
720 613 872 660 poetam
905 621 1019 660 grave
1052 609 1289 659 plenumque
1323 620 1479 646 carmen
1512 609 1594 645 sine

49 669 208 708 caelesti
251 668 379 719 aliquo
423 670 564 707 mentis
607 669 794 706 instinctu
839 675 972 719 putem
1018 668 1180 706 fundere
1225 673 1290 706 aut
1334 666 1594 717 eloquentiam

0 742 1 747 ¹
50 731 133 768 sine
166 728 310 765 maiore
343 727 507 777 quadam
540 728 575 764 vi
613 727 734 765 ssueie
773 726 1034 765 abundantem
1074 726 1302 765 sonantibus
1337 725 1463 763 verbis
1502 724 1594 763 ube-

0 797 1 809 *
48 786 236 836 libusque
269 787 485 825 sententiis.
546 785 815 837 Philosophia
821 798 928 837 v·,e10
961 787 1134 825 omnium
1162 790 1284 825 mater
1311 786 1470 836 artium,
1502 783 1592 833 quid

0 832 1 844 ¹
47 851 108 884 est
139 844 241 882 aliud
273 845 387 897 nisi
391 850 439 896 ut
465 844 589 897 Plato,
598 843 784 896 donum,
816 851 860 884 ut
891 856 980 896 ego,
1011 846 1211 889 inventum
1236 816 1470 893 deorum?-
1491 842 1594 880 Haec

0 925 1 930 =
49 916 122 943 nos
154 904 323 954 primum
299 876 407 941 ad
431 896 538 941 illm
524 915 587 941 um
621 903 786 960 cultum,
818 903 957 942 deinde
991 903 1036 942 ad
1068 905 1129 942 ius
1162 888 1379 953 hominum,
1413 901 1514 952 quod
1546 902 1593 938 si-

47 971 132 1002 tum
164 968 224 1000 est
255 963 293 1000 in
326 963 481 1013 generis
512 946 684 1000 human?
705 935 908 1014 societate,
945 969 1027 1001 tnm
1063 962 1108 1000 ad
1142 962 1371 1000 modestiam
1403 962 1592 1012 magnitu-

0 1042 1 1049 ι
43 1021 255 1071 dinemque
287 1022 405 1059 animi
436 1020 619 1071 erudivit,
652 1020 863 1072 eademque
902 1021 948 1059 al)
987 1023 1114 1060 animo
1152 1028 1347 1071 tamquam
1385 1019 1431 1057 ab
1470 1019 1594 1058 oculis

46 1080 250 1131 caliginem
288 1079 465 1130 dispulit,
511 1085 554 1118 ut
597 1081 724 1118 omnia
770 1092 911 1131 supera
949 1081 1089 1132 infera,
1133 1082 1256 1131 prima
1296 1078 1429 1118 ultima
1467 1079 1593 1117 media

0 1171 1 1175 ,
45 1139 277 1178 videremus.
293 1177 306 1193 3
340 1138 507 1176 Prorsus
544 1138 639 1176 llaec
677 1138 804 1176 divina
841 1138 936 1177 mihi
974 1139 1126 1177 videtur
1166 1140 1240 1190 vis,
1284 1150 1382 1188 quae
1428 1143 1483 1176 tot
1528 1149 1591 1176 res
1607 1143 1651 1174 65

43 1198 187 1236 efficiat
213 1202 251 1235 et
277 1202 412 1235 tantas.
466 1196 567 1242 Quid
594 1202 654 1235 est
679 1198 782 1235 enim
810 1199 995 1236 memoria
1022 1210 1154 1236 rerum
1182 1203 1220 1236 et
1246 1195 1473 1248 verborum,
1500 1196 1592 1247 quid

43 1267 161 1308 porro
187 1253 388 1294 inventio?
419 1255 599 1294 Profecto
625 1255 682 1307 id,
709 1268 785 1306 quo
812 1268 859 1294 ne
885 1258 925 1294 in
951 1256 1022 1295 deo
1050 1258 1207 1304 quidem
1233 1256 1442 1307 quicquam
1469 1256 1592 1293 maius

44 1314 216 1365 intellegi
241 1319 380 1364 potest.
437 1314 522 1352 Non
549 1315 653 1352 enim
679 1314 871 1353 ambrosia
898 1314 991 1353 deos
1025 1321 1090 1354 aut
1117 1321 1273 1353 nectare
1300 1319 1367 1352 aut
1392 1313 1591 1352 Iuventate

42 1372 179 1424 pocula
211 1374 458 1412 ministrante
490 1372 625 1411 laetari
650 1373 836 1425 arbitror,
869 1386 940 1413 nec
966 1373 1180 1412 Homerum
1212 1373 1343 1423 audi0,
1377 1374 1442 1423 qui
1469 1372 1591 1423 Gany-

41 1432 194 1471 medem
220 1431 266 1469 ab
293 1431 353 1469 dis
374 1437 527 1483 raptum
551 1434 603 1470 ait
622 1438 784 1484 propter
804 1433 979 1484 formam,
1006 1439 1049 1471 ut
1074 1433 1153 1471 lovi
1180 1432 1313 1471 bibere
1334 1433 1590 1481 ministraret3

39 1592 79 1616 es
99 1580 255 1626 gedreht
272 1581 413 1622 warde,
435 1580 494 1616 die
512 1580 679 1616 Gestirne
700 1580 779 1616 sich

39 1629 77 1664 in
103 1627 316 1662 demselben
330 1628 544 1662 Verh‘altnis
569 1627 667 1662 ihrer
692 1628 777 1662 Um-

39 1674 255 1710 laufszeiten
275 1674 447 1718 drehten,
471 1675 541 1709 wie
560 1674 599 1709 in
618 1675 682 1709 der
702 1675 777 1709 Na-

38 1724 116 1766 tur,
143 1721 266 1756 sodass
293 1721 408 1756 selbst
436 1721 495 1756 die
520 1721 777 1756 Mondfinsber-

39 1769 136 1804 nisse
170 1768 248 1803 sich
279 1768 519 1814 regelmi'tssig
549 1769 774 1804 darstellten.

39 1816 74 1852 S.
101 1815 160 1851 die
186 1814 462 1861 Beschreibung
496 1816 528 1850 b.
557 1815 629 1850 Cic.
662 1816 706 1851 de
738 1827 776 1851 re

66 1891 72 1898 .
100 1863 115 1897 I
141 1874 170 1898 c.
199 1866 253 1897 14.

37 1875 63 1909 p
85 1914 127 1945 ut
151 1910 323 1944 tarditate
349 1911 415 1945 eet.
466 1909 559 1944 Plat.
582 1910 676 1945 Tim.
703 1914 778 1964 3923,

37 1955 78 1992 τὸ
141 1956 181 1992 ὲν
210 1957 296 2000 (τῶν
322 1968 407 1991 acte
402 1955 501 2001 ’ρων)
533 1959 703 2002 μειᾝζονα
735 1955 776 1991 τὸ

36 2000 75 2038 ὃ
106 2001 241 2039 ελάττω
267 2001 403 2038 κύκλον
430 2002 505 2047 ἰόν,
540 2005 682 2039 θᾶττον
708 2004 777 2050 μὲν

36 2048 82 2086 τὰ
114 2048 179 2085 τὸν
212 2047 368 2095 ἐλάττω,
407 2049 451 2085 τὰ
491 2050 532 2086 δὲ
568 2049 655 2087 τὸν
665 2054 775 2097 μείζω

0 2139 1 2142 ¹
37 2095 318 2143 βραδύτερον
343 2111 522 2143 περιηειν.

82 2145 273 2190 potuisset,
320 2145 378 2180 die
422 2145 641 2191 Bedingung
684 2145 777 2191 liegt

35 2192 140 2227 nieht
176 2192 215 2226 in
250 2192 283 2226 si
309 2213 351 2217 —
374 2196 505 2237 potest,
544 2193 702 2227 sondern
738 2193 775 2228 in

35 2240 113 2274 sine
155 2240 279 2274 divino
321 2240 477 2284 iuqenio.
531 2239 581 2273 IV
627 2243 686 2284 19,
730 2244 775 2275 44

36 2297 232 2331 numquam
251 2289 370 2321 tantos
388 2297 598 2331 proqressus
615 2288 693 2322 siue
711 2289 775 2331 fla-

34 2334 161 2378 yra‘nti
186 2333 384 2377 cupiditate
408 2334 525 2377 facere
544 2335 756 2377 potuissent.

83 2380 174 2424 Kap.
211 2379 274 2415 26.
326 2384 380 2415 64.
426 2384 466 2415 ut
497 2384 638 2425 putem:
679 2381 774 2416 ‘dass

0 2449 1 2453 =
34 2426 96 2462 ich
121 2426 281 2473 glauben
307 2427 443 2462 sollte’.
495 2427 562 2462 Die
589 2428 774 2473 Negation

0 2489 1 2494 ¹
36 2474 217 2509 erstreckt
241 2473 319 2508 sich
344 2474 412 2508 mit:
436 2474 503 2509 auf
531 2474 601 2510 den
634 2476 773 2510 abban*

35 2521 146 2566 gigen
185 2521 279 2556 Satz.
330 2521 364 2555 II
400 2525 458 2565 19,
497 2526 541 2556 45
578 2533 775 2567 numquam

34 2569 206 2603 terminat
228 2578 292 2603 nec
315 2569 581 2613 maynitudinis
604 2581 669 2605 ozee
693 2570 773 2605 diu-

0 2631 1 2634 *
37 2616 227 2650 turnitatis
262 2616 423 2658 modum,
461 2619 501 2650 ut
537 2617 649 2651 seiam
685 2618 774 2662 quid

33 2671 210 2697 summum
233 2663 332 2697 dicat
356 2663 397 2697 in
422 2663 552 2698 dolore.

81 2719 188 2753 yrave
212 2710 445 2754 plenumque,
488 2709 553 2745 das
585 2712 679 2746 erste
711 2711 772 2746 be-

34 2754 134 2790 zieht
159 2756 237 2790 sich
260 2756 326 2791 auf
342 2756 400 2792 die
421 2757 689 2803 Gedjegenheit
708 2758 772 2793 des

35 2801 195 2882 {nssaltffi
223 2803 288 2838 das
314 2803 441 2839 zweite
468 2804 535 2839 auf
563 2804 622 2839 die
649 2805 770 2840 Wort-

52 2860 74 2882 u
108 2859 137 2885 e.

898 1585 937 1616 ut
955 1581 1080 1616 Plato:
1102 1581 1263 1616 namlieh
1282 1582 1388 1623 elicit,
1402 1581 1483 1616 eine
1503 1582 1590 1616 hau-

852 1628 923 1678 fige
937 1628 1098 1686 Ellipse.
1150 1629 1243 1663 Plat.
1267 1628 1360 1664 Tim
1384 1640 1418 1672 p.
1440 1632 1514 1664 47a
1551 1626 1589 1671 ἐξ

851 1678 902 1710 ὠν
929 1672 1186 1719 ἐπορισάμεθα
1219 1676 1441 1732 φιλοσοφίας
1471 1673 1590 1719 γένος,

850 1717 893 1758 οὗ
922 1725 1046 1767 μεῖζον
1072 1720 1223 1766 αγαθὸν
1250 1719 1331 1758 οὔτ’
1353 1719 1470 1767 ἦλθεν
1496 1720 1587 1758 ουθ’

849 1766 930 1813 ἥξει
956 1769 1044 1805 ποτὲ
1071 1770 1120 1817 τῷ
1145 1771 1273 1816 θνητῷ
1295 1767 1395 1814 γένει
1415 1769 1589 1815 δωρηθὲν

850 1815 891 1852 ἐκ
916 1817 1032 1852 θεῶν.

897 1866 956 1899 ius
974 1865 1174 1905 hominum,
1193 1865 1289 1909 quod
1307 1866 1415 1900 situm
1434 1869 1500 1907 est,
1521 1868 1587 1901 cet.

849 1911 883 1946 d.
909 1912 932 1946 i.
959 1912 1121 1954 iustitia,
1153 1923 1243 1956 quae
1275 1913 1316 1947 iu
1343 1913 1508 1947 societate
1531 1914 1589 1949 ho-

847 1960 987 1994 minwm
1017 1962 1200 2004 tamquam
1232 1959 1468 2002 fundamento
1502 1961 1587 1995 niti-

847 2009 919 2042 tur.
969 2006 1014 2041 de
1041 2006 1099 2041 off.
1126 2005 1141 2039 I
1169 2010 1200 2050 7,
1226 2011 1271 2042 20
1303 2018 1345 2041 ea
1369 2008 1482 2049 ratio,
1517 2020 1589 2052 qua

847 2054 996 2088 societas
1014 2054 1198 2088 homiuum
1217 2054 1311 2088 inter
1329 2054 1426 2098 ipsos
1445 2058 1476 2089 et
1496 2056 1589 2090 vitae

847 2102 1082 2136 communitas
1101 2101 1320 2142 continetur,
1345 2102 1450 2136 cuius
1463 2105 1589 2145 partes

847 2148 960 2183 duae:
985 2149 1130 2184 iustitia
1144 2169 1187 2173 —
1203 2149 1443 2191 beneficentia.
1458 2169 1504 2174 —
1520 2149 1587 2184 Die

847 2198 869 2228 4
915 2195 1147 2240 platonisch-
1159 2195 1346 2230 stoischen
1394 2194 1587 2231 Kardinal-

847 2242 1036 2296 bugenden
1070 2243 1216 2277 werden
1232 2242 1493 2298 angedeutet:
1532 2244 1587 2277 δι-

848 2286 1046 2333 καιοσύνη,
1068 2287 1309 2333 σωφροσύνη,
1329 2286 1484 2333 ἀνδρεία
1500 2290 1548 2335 (d.
1564 2290 1585 2325 i

846 2337 1059 2380 maqnitudo
1085 2339 1179 2381 aru),
1206 2337 1331 2380 σοφία.

894 2387 949 2418 65.
977 2384 1171 2419 Iuventas:
1199 2384 1240 2419 ΙΙ.
1260 2383 1310 2417 IV
1332 2389 1348 2418 1
1372 2381 1409 2440 of
1432 2382 1473 2419 δὲ
1499 2384 1587 2419 θεοὶ

844 2430 956 2485 παρὰ
991 2430 1081 2474 Ζηνὶ
1122 2429 1335 2486 καθήμενοι
1373 2428 1585 2487 ἠγορόωντο

845 2474 986 2524 χρυσέῳ
1019 2476 1060 2512 ἐν
1093 2476 1264 2534 δαπέδῳ,
1295 2475 1386 2522 μετὰ
1414 2476 1454 2513 δέ
1482 2490 1585 2522 σφισι

844 2525 978 2559 ποτνία
996 2521 1090 2572 Ἥβη
1115 2524 1252 2567 νέκταρ
1280 2522 1466 2571 ἐῳνοχόει.

893 2571 990 2607 Gan
968 2573 1143 2628 stneden
1169 2572 1209 2608 Il.
1231 2572 1298 2607 XX
1317 2576 1385 2607 232
1414 2569 1584 2616 Γανυμη-

845 2619 928 2662 δης,
955 2615 996 2659 ὃς
1027 2616 1073 2664 δὴ
1106 2617 1297 2660 καλλιστος
1328 2617 1458 2675 γένετο
1490 2621 1583 2663 θνη-

845 2666 918 2699 τῶν
956 2663 1188 2710 ἀνθρώπων,
1231 2665 1295 2701 τὸν
1333 2668 1397 2700 καὶ
1436 2663 1583 2709 ἄνηρεί

845 2720 967 2755 ψαντο
992 2713 1079 2748 θεοι
1100 2713 1162 2748 Διὶ
1179 2695 1411 2758 οἰνοχοεύειν
1432 2710 1584 2752 κάλλεος

845 2760 972 2794 εινεκα
999 2759 1065 2795 οἷο.

891 2807 1007 2842 bibere
1030 2808 1256 2842 ministrare:
1293 2818 1362 2841 nur
1398 2806 1436 2840 in
1464 2805 1584 2841 dieser

843 2853 1048 2889 Redensart
1084 2853 1198 2889 findet
1241 2853 1319 2888 sich
1361 2853 1457 2889 nach
1495 2854 1582 2889 dare
