1833 3098
181 76 263 118 148
691 76 739 110 Μ.
768 75 929 110 TULLII
956 74 1209 110 CICERONIS

105 191 313 237 105putare
352 197 437 224 esse
478 182 712 224 universos?
774 184 841 223 Ille
881 197 973 224 vero
1013 190 1167 223 nostras
1206 184 1437 223 ambitiones
1475 184 1729 237 levitatesque

174 249 399 282 contemnet
437 243 686 294 honoresque
724 243 858 294 populi
897 245 1013 282 etiam
1051 243 1155 281 ultro
1199 242 1346 281 delatos
1385 242 1731 293 repudiabit2,nos

174 307 304 340 autem
336 314 404 340 eos
437 303 635 341 nescimus
667 308 756 340 ante
790 313 906 352 quam
938 302 1138 352 paenitere
1172 303 1302 352 coepit
1333 308 1598 340 contemnere.
1659 301 1728 342 Est

174 360 276 411 apud
316 360 556 399 Heraclitum
601 360 806 411 physicum
849 360 896 398 de
941 361 1118 410 principe
1162 358 1425 410 Ephesiorum
1470 359 1615 398 Hermo
1645 372 1732 400 oro:

174 420 379 457 universos
411 421 464 457 ait
495 418 686 469 Ephesios
719 430 805 457 esse
845 424 970 457 morte
1009 417 1248 469 multandos,
1289 417 1412 470 quod,
1450 430 1539 457 cum
1578 419 1732 458 civitate

175 477 416 528 expellerent
447 477 753 529 Hermodorum,
794 478 848 515 ita
891 477 1011 515 locuti
1056 478 1151 514 sint:
1197 473 1332 515 eNemo
1378 476 1425 515 de
1471 476 1583 515 nobis
1628 489 1730 516 unus

176 535 356 587 excellat3
395 538 454 574 sin
494 537 582 586 quis
621 537 833 587 exstiterit,
871 535 944 573 alio
983 537 1022 573 in
1060 535 1145 573 loco
1185 541 1224 573 et
1261 534 1362 586 apud
1401 535 1495 573 alios
1534 531 1611 574 sit.'
1673 535 1731 574 An

175 593 249 632 hoc
282 606 360 632 non
402 596 455 632 ita
496 595 538 632 fit
581 595 688 632 omni
728 595 768 632 in
809 592 983 644 populo?
1044 593 1181 631 Nonne
1224 605 1378 632 omnem
1420 595 1733 644 exsuperantiam

175 654 334 690 virtutis
366 650 564 690 oderunt?
626 650 757 697 Quid?
789 652 979 691 Aristides
1008 673 1057 678 —
1088 651 1187 690 malo
1221 654 1323 690 enim
1351 652 1591 691 Graecorum
1618 664 1733 703 quam

178 716 312 748 nostra
356 711 535 761 proferre
579 731 627 737 —
669 723 799 749 nonne
844 710 892 749 ob
938 723 1022 749 eam
1067 722 1223 748 causam
1267 710 1453 761 expulsus
1498 716 1558 749 est
1599 712 1736 762 patria,

181 768 474 819 quod'praeter
506 769 665 807 modum
697 770 826 808 iustus
853 767 985 808 esset?
1048 768 1212 814 Quantis
1238 770 1358 819 igitur
1383 768 1573 807 molestiis
1599 774 1736 807 vacant

181 828 249 877 qui
280 827 376 865 nihil
409 829 567 865 omnino
601 839 688 865 cum
723 827 866 878 populo
899 826 1152 866 contrahunt!
1217 827 1318 872 Quid
1353 834 1412 865 est
1443 829 1548 866 enim
1581 827 1734 866 dulcius

179 887 258 924 otio
291 884 492 924 litterato?
524 887 572 924 iis
604 886 691 924 dico
723 886 883 937 litteris,
916 885 1058 936 quibus
1091 886 1320 924 intinitatem
1354 898 1488 924 rerum
1520 891 1637 936 atque
1670 897 1733 924 na·

178 948 290 982 turae
323 950 362 982 et
394 946 433 981 in
466 944 540 982 hoc
573 945 657 994 ipso
691 943 835 982 mundo
863 943 1030 995 caelum,
1063 949 1206 995 terras,
1238 945 1357 981 maria
1390 940 1720 996 cognoscimus-4(

296 1002 529 1053 Contempto
561 1003 682 1052 igitur
720 1002 887 1054 honore,
926 1007 1149 1052 contempta
1187 1003 1303 1040 etiam
1340 1004 1506 1052 pecunia
1545 1002 1637 1053 quid
1676 1014 1735 1040 re-

180 1060 372 1110 linquitur
406 1060 509 1111 quod
537 1060 871 1099 extimescendum
904 1059 982 1099 sit?
1042 1060 1249 1112 Exsilium,
1282 1060 1416 1112 credo,
1449 1061 1551 1111 quod
1584 1062 1624 1099 in
1656 1073 1733 1099 ma-

178 1120 307 1157 xumis
350 1119 460 1157 malis
499 1120 668 1158 ducitur.
731 1119 772 1157 Id
815 1120 847 1157 si
888 1125 1050 1170 propter
1091 1119 1254 1157 alienam
1297 1125 1334 1157 et
1375 1120 1563 1158 offensam
1603 1119 1737 1170 populi

179 1177 419 1216 voluntatem
453 1177 597 1216 malum
635 1184 712 1229 est,
751 1189 867 1228 quam
906 1179 957 1216 sit
994 1190 1038 1216 ea
1077 1177 1361 1216 contemnenda
1400 1179 1582 1230 sapienti,
1620 1177 1734 1229 paulo

180 1241 269 1274 ante
302 1236 450 1274 dictum
483 1242 553 1275 est.
617 1236 685 1274 Sin
719 1236 855 1274 abesse
893 1238 1018 1287 patria
1056 1238 1243 1275 miserum
1283 1242 1359 1288 est,
1398 1236 1534 1288 plenae
1572 1238 1732 1275 misero-

179 1306 267 1333 rum
300 1296 523 1346 provinciae
557 1300 666 1346 sunt,
699 1307 745 1333 ex
779 1294 922 1345 quibus
948 1295 1156 1334 admodum
1189 1296 1302 1345 pauci
1334 1297 1373 1333 in
1406 1297 1570 1346 patriam
1603 1307 1732 1334 rever-

107 1358 327 1395 107tuntur.
385 1351 448 1392 ‘At
480 1353 696 1392 multantur
730 1354 840 1392 bonis
873 1351 1055 1393 exsules?
1113 1353 1214 1399 Quid
1247 1351 1359 1392 tum‘?
1391 1366 1579 1405 parumne
1613 1353 1734 1393 multa

177 1411 224 1450 de
258 1411 457 1450 toleranda
499 1418 728 1462 paupertate
770 1411 984 1451 dicuntur?
1045 1412 1123 1451 Iam
1162 1424 1253 1450 vero
1293 1412 1487 1464 exsilium,
1527 1414 1559 1451 si
1597 1424 1731 1451 rerum

107 975 161 1016 37

107 1027 174 1058 106

172 1559 307 1603 mides,
334 1559 389 1594 als
415 1559 535 1594 dieser
560 1559 638 1594 sich
665 1559 844 1601 fiirchtet,
877 1559 916 1593 in

173 1607 236 1640 der
255 1606 651 1651 Volksversammlung
671 1606 914 1641 aufzutreten.

222 1657 299 1688 105.
327 1653 540 1688 Heraclitus
560 1665 625 1688 aus
646 1653 825 1698 Ephesus,
852 1654 917 1688 der

172 1711 246 1736 von
266 1700 445 1745 Spateren
466 1700 537 1735 den
557 1699 759 1735 Beinamen
786 1697 805 1735 ὁ
835 1712 915 1735 σκο-

171 1745 294 1787 τεινός
321 1747 472 1791 erhielt,
499 1748 597 1782 lebte
624 1759 685 1781 um
700 1752 768 1782 500
782 1760 814 1783 v.
832 1747 914 1782 Chr.

173 1793 259 1829 Sein
293 1794 331 1828 in
368 1794 552 1829 ionischer
582 1794 698 1829 Prosa
729 1795 915 1839 geschrie—

171 1841 282 1876 benes
309 1841 425 1876 Werk
449 1841 573 1875 ffihrte
599 1841 670 1876 den
696 1841 795 1876 Titel
829 1842 915 1885 περὶ

172 1886 330 1931 φύσεως.
381 1887 430 1922 Er
467 1889 622 1932 gehorte
672 1889 807 1923 ebenso
846 1889 916 1923 wie

172 1934 251 1969 sein
281 1935 426 1969 Freund
458 1935 707 1970 Hermodorus
749 1948 810 1970 zur
845 1935 916 1970 ari-

171 1981 441 2016 stokratischen
484 1981 609 2016 Partei
660 1982 735 2016 und
785 1983 914 2026 genoss

172 2028 327 2063 deshalb
347 2029 430 2063 sehr
444 2029 566 2073 wenig
585 2028 644 2063 die
660 2028 777 2063 Gunst
797 2029 915 2064 seiner

170 2075 394 2119 Mitbiirger,
430 2076 477 2110 da
508 2075 546 2109 in
572 2075 738 2120 Ephesus
772 2076 915 2111 damals

171 2122 230 2156 die
268 2122 641 2157 unumschr'ankteste
674 2123 913 2157 Demokratie

170 2169 372 2204 herrschte.
422 2170 673 2204 Hermodorus
709 2170 778 2204 soll
817 2170 913 2204 nach

171 2216 292 2251 seiner
330 2216 581 2260 Verbannung
630 2216 726 2251 nach
780 2216 914 2251 Italien

170 2273 365 2307 gegangen
398 2263 475 2297 sein
507 2264 583 2297 und
613 2263 674 2297 die
704 2264 914 2298 romischen

170 2308 391 2343 Decemvirn
422 2310 482 2344 bei
508 2310 721 2355 Abfassung
753 2310 817 2345 der
843 2310 910 2345 Ge-

171 2357 267 2391 set-ze
294 2357 519 2390 unterstfitzt
544 2357 676 2391 haben.

217 2402 331 2438 Nemo
357 2403 399 2437 cle
423 2404 545 2437 nobis:
578 2403 685 2448 Diog.
713 2404 834 2438 Laert.
863 2404 912 2438 IX

170 2454 190 2483 2
213 2447 356 2494 “Ημέων
382 2449 511 2494 μηδεὶς
537 2446 707 2493 ὁνηιστὸς
743 2450 851 2494 ἔστω,
880 2450 916 2485 εἰ

170 2496 212 2531 δέ
238 2510 291 2536 τις
317 2497 501 2540 τοιοῦτος,
538 2494 628 2542 ἄλλῃ
660 2510 697 2531 τε
732 2497 795 2531 καὶ
828 2495 910 2542 μετ’

168 2540 298 2579 ἄλλων.

215 2591 310 2625 malo
348 2591 442 2624 enim
480 2590 699 2625 Graecorum
737 2592 803 2625 oet.
863 2591 910 2626 So

170 2637 265 2672 o'fter
301 2636 360 2672 bei
385 2637 611 2682 Beispielen,
649 2637 789 2672 welche
825 2638 909 2672 dem

168 2684 377 2719 romischen
397 2683 522 2718 Staate
543 2684 647 2719 nicht:
667 2696 750 2719 zum
764 2685 908 2720 Ruhme

168 2731 366 2775 gereichen
391 2731 553 2767 wurden.
603 2731 647 2766 de
675 2731 734 2767 off.
757 2731 789 2765 II
811 2735 843 2775 8,
864 2735 907 2767 26

168 2777 338 2813 Eoeterna
364 2779 533 2813 libentius
562 2779 603 2813 in
634 2779 702 2814 tali
733 2790 771 2814 re
802 2790 908 2824 quam

167 2825 358 2860 domestica
383 2826 557 2860 recordor.

1036 1560 1130 1604 quod
1152 1564 1298 1603 praeter
1324 1561 1467 1595 modum
1492 1561 1610 1595 iustus
1636 1564 1731 1596 esset.

991 1606 1227 1650 Wenigstens
1273 1608 1369 1642 nach
1413 1608 1477 1642 der
1519 1606 1732 1642 bekannten

989 1654 1182 1688 Anekdote
1201 1653 1320 1697 (Corn.
1336 1654 1446 1689 Arist.
1464 1658 1493 1698 1,
1509 1653 1606 1689 Plut.
1620 1653 1731 1689 Arist.

991 1703 1025 1743 7)
1046 1711 1122 1734 war
1148 1700 1224 1735 dies
1255 1701 1320 1734 der
1346 1701 1472 1735 Grund
1497 1701 1616 1736 seiner
1641 1701 1732 1736 Ver-

989 1747 1180 1791 bannung,
1201 1747 1239 1781 in
1259 1747 1534 1792 Wirkliohkeit,
1554 1748 1639 1783 weil
1658 1759 1732 1783 von

990 1794 1059 1828 den
1097 1794 1230 1829 beiden
1268 1793 1546 1829 Parteifiihrern
1583 1795 1730 1829 Themi-

989 1841 1127 1921 stolfles
1147 1841 1221 1876 und
1241 1842 1423 1877 Aristides
1443 1843 1542 1877 einer
1561 1842 1728 1877 weichen

988 1900 1049 1922 mu
1067 1889 1131 1924 ste.

1035 1935 1130 1970 nihil
1151 1956 1193 1960 —
1215 1936 1453 1978 contrahunt,
1479 1935 1559 1970 hier
1584 1935 1623 1970 in
1642 1935 1732 1970 wei-

987 1984 1103 2017 terem
1125 1981 1233 2017 Sinne
1263 1983 1399 2017 ‘niehts
1420 1982 1489 2016 mit
1509 1983 1594 2017 dem
1608 1981 1729 2017 Volke

987 2041 1032 2063 zu
1064 2030 1159 2063 ‘chun
1195 2029 1346 2073 haben’‚
1384 2029 1462 2064 also
1500 2029 1730 2064 namentlich

987 2075 1065 2110 sich
1108 2076 1212 2117 nicht
1256 2087 1319 2110 um
1363 2076 1461 2111 seine
1501 2075 1620 2110 Gunsb
1664 2076 1725 2111 be-

985 2123 1143 2157 werhen.

1033 2169 1126 2213 Kap.
1153 2169 1217 2204 37.
1272 2174 1347 2204 106.
1384 2170 1641 2205 contemnenda
1673 2180 1729 2205 sa-

983 2217 1117 2260 pienti,
1141 2217 1264 2260 paulo.
1317 2216 1357 2251 In
1390 2216 1461 2251 den
1486 2215 1594 2251 Hdss.
1627 2216 1728 2251 steht

986 2263 1051 2297 das
1106 2263 1265 2298 sinnlose
1322 2264 1578 2298 contemnenda
1632 2264 1727 2298 sicut

986 2311 1116 2353 apollo.
1168 2310 1257 2345 Was
1285 2310 1357 2346 Cic.
1384 2310 1625 2355 geschrieben
1649 2311 1725 2354 hat,

986 2356 1071 2391 ltisst
1106 2357 1184 2391 sich
1215 2356 1320 2392 nicht
1351 2357 1421 2392 mit
1451 2357 1728 2392 Bestimmbheit

986 2404 1624 2495 {ffi‘i}²0’h{}1⁰ssrfflsswissmssssssssfass
1627 2415 1725 2486 ”32¹3

985 2497 1124 2532 dorben
1150 2497 1239 2533 sein.

1031 2555 1074 2578 ea:
1099 2545 1249 2588 quibus,
1281 2544 1445 2579 niimlich
1472 2556 1544 2579 von
1571 2544 1641 2579 den
1665 2547 1723 2578 1-0·-

985 2590 1150 2625 mischen
1175 2592 1357 2635 Biirgern,
1392 2591 1532 2626 welche
1557 2591 1722 2626 1101110111,-

983 2637 1056 2672 lich
1089 2650 1151 2672 um
1177 2638 1462 2682 Geldgeschufte
1494 2650 1537 2672 zu
1567 2638 1723 2673 macheu

983 2685 1060 2718 sich
1086 2685 1123 2719 in
1150 2686 1221 2719 den
1246 2686 1449 2720 Provinzen
1474 2683 1690 2720 aufhielten.

1031 2736 1108 2766 107.
1137 2732 1235 2777 Quid
1266 2736 1358 2774 tum,
1394 2732 1482 2766 ‘was
1513 2732 1610 2777 folgt
1640 2732 1721 2766 dar-

982 2779 1076 2822 aus’,
1103 2791 1128 2813 s.
1156 2792 1184 2813 z.
1211 2779 1244 2812 Π
1272 2783 1331 2823 11,
1359 2783 1414 2813 26.

1028 2837 1146 2861 rerum
1191 2830 1379 2868 naturam,
1425 2825 1482 2860 die
1521 2825 1718 2860 Wirklich·
