1817 3103
266 62 666 124 TUSCULANARUM
688 71 1088 106 DISPUTATIONUM
1115 73 1140 106 1.
1172 76 1364 107 106—109.
1536 72 1590 113 63

39 183 290 233 requiescere
335 182 373 219 in
419 180 627 231 sepulchro
672 186 782 230 putat
827 186 1043 219 mortuum:
1087 193 1222 230 magna
1268 182 1381 231 eulpa
1426 182 1593 233 Pelopis,

39 242 106 291 qui
137 252 215 278 non
248 239 438 278 erudierit
471 238 592 277 filium
624 251 696 277 nec
728 239 924 290 docuerit,
958 244 1151 288 quatenus
1184 246 1288 276 esset
1321 240 1492 290 quidque
1526 252 1591 279 cu-

37 298 214 336 randum.

157 355 232 394 Sed
260 355 351 406 qnid
380 355 621 406 singulorum
649 356 852 406 opiniones
879 355 1199 406 animadvertam,
1234 357 1433 392 nationum
1467 358 1591 394 varios

37 426 194 453 errores
226 415 450 464 perspicere
484 426 573 452 cum
606 411 748 452 liceat?
810 413 1005 451 Condiunt
1037 415 1213 464 Aegyptii
1247 419 1422 452 mortuos
1455 420 1493 451 et
1526 427 1592 451 eos

37 478 194 511 servant
219 472 341 523 domi3
374 472 514 510 Persae
543 473 657 510 etiam
685 483 774 509 cera
800 471 1040 509 circumlitos
1068 472 1259 522 condunt,
1292 478 1335 509 ut
1368 484 1484 522 qnam
1517 484 1593 509 ma-

36 533 139 570 xime
171 535 426 581 permaneant
451 530 635 568 diuturna
662 541 838 580 corpora.
900 529 1101 580 Magorum
1128 542 1212 568 mos
1240 536 1298 568 est
1326 543 1401 567 non
1429 528 1593 568 humare

37 601 202 640 corpora
235 601 414 640 snorum,
447 589 520 627 nisi
554 601 572 626 a
606 588 700 626 feris
733 590 810 626 sint
850 594 937 626 ante
979 588 1134 640 laniata,
1175 590 1213 626 in
1254 588 1444 639 Hyrcania
1484 588 1594 639 plebs

35 647 213 699 publicos
258 647 325 685 alit
368 658 505 698 canes,
550 651 770 697 optumates
816 646 1070 685 domesticos:
1122 647 1249 685 nobile
1296 653 1426 684 autem
1470 659 1594 697 genus
1634 661 1646 674 κ

0 720 2 753 ι
36 718 176 744 canum
215 705 308 744 illud
348 707 493 743 scimus
532 717 635 756 esse,
675 704 741 743 sed
781 717 851 755 pro
892 718 959 743 sua
1000 707 1166 756 quisque
1207 705 1387 744 facultate
1427 711 1537 756 parat
1574 718 1593 743 a

0 764 178 815 ¹quibus
223 764 408 814 lanietur,
453 776 615 814 eamque
661 769 859 813 optumam
905 763 958 801 illi
1004 777 1089 802 esse
1134 771 1297 802 censent
1339 764 1592 814 sepulturam.

0 822 2 868 l
35 822 234 862 Permulta
267 821 338 860 alia
371 822 531 872 conligit
563 822 821 873 Chrysippus,
854 827 897 860 ιιι
926 828 986 860 est
1013 824 1050 860 in
1079 824 1184 860 omni
1211 823 1372 860 historia
1400 824 1593 874 curiosus,

0 875 2 944 l
35 881 104 919 sed
142 883 194 919 ita
233 887 355 919 taetra
393 887 485 918 sunt
523 880 730 932 quaedam,
774 885 818 918 ut
863 893 905 918 ea
951 881 1072 931 fugiat
1110 886 1148 919 et
1188 881 1417 919 reformidet
1456 882 1593 919 oratio.

35 939 159 978 Totus
191 940 310 990 igitu·
342 939 404 977 bic
431 938 540 977 locus
567 944 627 977 est
653 940 965 978 contemnendus
992 941 1030 977 in
1059 939 1189 990 nobis,
1223 952 1299 977 non
1328 939 1592 990 neglegendus

0 981 1 1028 l
34 999 74 1037 in
108 999 252 1036 nostris
286 996 356 1046 [ita
383 1002 530 1048 tamen,
563 1003 606 1035 ιιι
636 1002 883 1035 mortuorum
911 1010 1075 1048 corpora
1103 998 1197 1036 nihil
1225 1000 1371 1036 sentire
1400 1000 1474 1036 vivi
1506 1010 1589 1036 sen-

1608 332 1664 372 45

1598 382 1662 413 108

0 1055 212 1107 ¹tiamus];
257 1061 446 1106 quantum
490 1062 620 1094 autem
665 1056 940 1095 consuetudini
985 1057 1186 1107 famaeque
1231 1056 1401 1094 dandum
1440 1058 1507 1108 sit,
1553 1056 1662 1098 ile9

0 1107 1 1117 ¹
35 1120 176 1154 curent
202 1116 294 1166 vivi,
327 1115 395 1152 sed
427 1116 496 1165 ita,
529 1120 573 1153 ut
604 1114 832 1164 intellegant
864 1114 959 1153 nihil
992 1115 1029 1152 id
1062 1115 1108 1153 ad
1142 1121 1317 1153 mortuos
1350 1117 1561 1165 pertinere.

156 1172 232 1211 Sed
259 1173 436 1223 profecto
469 1185 575 1210 mors
608 1178 690 1211 tum
721 1174 956 1222 aequissimo
984 1175 1112 1211 animo
1139 1175 1356 1223 oppetitur,
1389 1186 1479 1211 cum
1512 1176 1593 1211 suis

38 1243 78 1270 se
112 1230 293 1270 laudibus
325 1232 400 1269 vita
433 1231 616 1269 occidens
649 1231 842 1268 consolari
874 1238 1014 1282 potest.
1068 1231 1190 1269 Nemo
1223 1243 1361 1281 parum
1394 1231 1461 1270 diu
1487 1233 1593 1282 vixit,

37 1291 104 1341 qni
138 1291 293 1328 virtutis
330 1290 527 1340 perfectae
570 1290 745 1340 perfecto
791 1289 949 1328 functus
995 1296 1054 1328 est
1097 1302 1271 1328 munere.
1336 1290 1454 1328 Multa
1498 1290 1594 1328 mihi

35 1349 110 1399 ipsi
142 1347 187 1386 ad
221 1352 388 1386 mortem
414 1349 643 1399 tempestiva
677 1348 854 1400 fuerunt,
888 1360 1003 1399 quam
1036 1350 1183 1386 utinam
1216 1350 1432 1399 potuissem
1465 1348 1592 1387 obire!

34 1406 139 1445 Nihil
179 1408 284 1444 enim
325 1408 400 1445 iam
442 1406 741 1457 adquirebatur,
787 1407 982 1445 cumulata
1027 1412 1138 1445 erant
1176 1407 1302 1445 officia
1343 1409 1458 1458 vitae,
1503 1419 1592 1445 cum

33 1465 189 1504 fortuna
221 1464 320 1503 bella
353 1465 563 1503 restabant.
627 1464 711 1510 Qua
743 1477 804 1517 re,
842 1467 875 1503 si
907 1467 990 1516 ipsa
1022 1467 1120 1504 ratio
1155 1467 1284 1503 minus
1316 1467 1511 1517 perficiet,
1548 1471 1592 1504 ιιι

34 1530 202 1562 mortem
234 1523 442 1575 neglegere
474 1526 689 1575 possimus,
722 1529 760 1562 at
793 1525 868 1562 vita
901 1530 984 1563 acta
1017 1525 1210 1575 perficiat,
1249 1529 1292 1562 ut
1325 1526 1418 1563 satis
1457 1537 1591 1575 super-

80 1660 215 1694 maqna
252 1649 360 1692 calpa
397 1648 446 1682 ist
472 1647 694 1693 Apposition
734 1661 778 1682 zu

33 1696 116 1730 dem
131 1695 458 1740 vorhergehenden
470 1695 576 1730 Satze
590 1695 659 1729 wie
674 1699 693 1737 ἓ
711 1699 775 1729 102

31 1753 105 1777 rem
130 1743 324 1785 difficilem.

79 1789 172 1834 Kap.
200 1788 263 1824 45.
316 1793 392 1824 108.
422 1789 574 1824 Persae:
602 1789 678 1833 vgl.
705 1789 775 1823 He-

34 1837 112 1872 rod.
138 1837 154 1870 I
184 1840 259 1871 140.

80 1884 133 1917 In
158 1883 364 1928 Hyrcania.
414 1883 593 1927 Porphyr.
615 1883 659 1917 de
684 1882 775 1917 abst.

32 1930 83 1965 IV
110 1934 151 1964 21
181 1926 377 1973 ‘andvtot'
398 1942 435 1964 τε
463 1930 526 1964 καὶ
553 1928 715 1964 Κάσπιοι
742 1927 780 1963 οἷ

32 1975 100 2022 μὲν
127 1975 275 2016 οἰωνοῖς
300 1976 364 2010 καὶ
389 1977 473 2011 κυσὶ
499 1974 777 2022 παραβάλλουσι

33 2024 190 2067 ζῶντας,
211 2021 249 2057 οἵ
272 2022 313 2058 δὲ
339 2024 562 2063 τεθνεῶτας.

81 2069 323 2115 Ghrusippas,
365 2070 430 2106 der
467 2070 621 2105 Schfiler
660 2070 776 2104 Zenos

32 2117 108 2152 und
146 2108 370 2160 Kleanthes',
410 2118 474 2152 der
512 2118 577 2151 das
615 2117 775 2152 stoische

33 2164 176 2208 System
211 2175 250 2199 so
277 2164 512 2209 ausgebildel:
543 2165 664 2206 hatte,
697 2163 776 2198 dass

33 2221 71 2246 er
92 2211 145 2245 als
165 2211 313 2245 zweiter
332 2211 545 2256 Begrfinder
564 2211 775 2256 angesehen

32 2257 169 2292 wurde.
221 2258 255 2292 S.
282 2258 378 2291 Einl.
406 2261 424 2300 ἕ
451 2262 506 2292 27.

79 2305 121 2339 in
158 2306 256 2339 omni
297 2305 451 2339 historia
498 2316 572 2339 eur.
623 2305 777 2338 historia

32 2351 113 2386 hier
137 2351 197 2386 die
223 2352 517 2396 Untersuehung.
568 2351 615 2385 ad
639 2352 714 2386 Att.
743 2351 776 2384 II

33 2401 66 2441 8,
87 2402 105 2432 1
133 2409 232 2433 mmo
255 2399 288 2432 si
313 2399 401 2442 quid
426 2400 467 2432 in
494 2410 535 2433 ea
560 2399 711 2442 epistola
731 2418 774 2422 —

32 2445 106 2488 fuit
135 2446 287 2480 historia
319 2446 488 2490 diynmn,
523 2446 636 2480 scribe
671 2457 778 2489 quam

30 2493 200 2536 primum.
223 2513 263 2518 —
285 2493 449 2527 curiosus
472 2493 690 2527 bezeichnet
713 2503 777 2526 na-

33 2539 210 2573 mentlieh
249 2539 320 2573 den
356 2539 422 2574 auf
452 2540 674 2574 Erforsehen
712 2539 776 2573 des

33 2584 234 2620 Einzelnen
249 2586 478 2629 gerichteten
493 2586 603 2621 Trieb
617 2586 692 2620 und
711 2587 777 2621 hat

35 2631 299 2678 daherghaufig
318 2633 390 2667 den
409 2633 610 2668 tadelnden
629 2633 774 2668 Neben-

33 2677 170 2724 begriff
200 2679 264 2714 der
291 2680 396 2722 Lust,
428 2680 615 2715 Unniitzes
647 2693 690 2714 zu
722 2691 774 2715 er-

35 2725 221 2770 forsehen,
250 2726 320 2762 den
346 2738 384 2761 es
410 2727 504 2761 auch
529 2726 609 2761 hier
634 2727 709 2762 hat.

81 2773 139 2808 hic
163 2774 277 2816 locas,
305 2774 439 2808 ‘dieser
463 2774 615 2809 Punkt’.

82 2820 137 2855 ita
161 2840 205 2845 ——
231 2821 437 2856 sentiamus.
487 2822 579 2864 vivi,
608 2820 685 2864 wir,
718 2821 776 2855 die

0 2915 63 2942 Ης.
106 2931 111 2933 -

35 2967 121 2990 ἰη-μ,Α
164 2971 166 2976 ⁷

850 1648 1150 1692 Uberlebenden,
1189 1649 1248 1684 die
1287 1649 1352 1683 das
1391 1648 1594 1693 Begrabnis

850 1707 893 1729 zu
913 1696 1092 1740 besorgen
1111 1696 1243 1731 haben.
1296 1696 1370 1730 Der
1389 1706 1503 1741 ganze
1525 1695 1593 1729 Zu-

851 1744 927 1777 satz
965 1743 1109 1777 euthalt
1145 1744 1233 1777 aber
1270 1755 1338 1776 nur
1375 1743 1445 1776 mit
1471 1743 1595 1786 wenig

850 1789 1138 1824 verschiedenen
1152 1790 1308 1825 Worten
1328 1789 1498 1824 dasselbe
1523 1788 1593 1823 wie

850 1836 915 1870 das
942 1836 1115 1880 folgende
1145 1841 1322 1880 quantum
1341 1857 1386 1862 -
1404 1837 1593 1880 pertinere.

849 1883 937 1917 Man
974 1883 1069 1917 murs
1106 1884 1171 1917 ihn
1214 1883 1368 1918 deshalb
1408 1883 1595 1917 entweder

849 1930 908 1963 fiir
946 1930 1005 1965 ein
1031 1930 1200 1968 Glossem
1237 1930 1382 1973 hasten,
1423 1930 1510 1964 oder
1547 1930 1595 1963 da

851 1977 910 2011 ein
937 1977 1061 2011 Grund
1088 1977 1146 2011 ftir
1172 1977 1230 2012 ein
1257 1978 1400 2012 solches
1427 1976 1595 2011 Glossem

848 2023 953 2058 nicht
1002 2024 1210 2058 abzusehen
1258 2024 1324 2067 ist,
1375 2024 1594 2066 annehmen‚

849 2070 922 2105 Cic.
943 2071 1039 2105 habe
1060 2071 1130 2105 den
1152 2071 1353 2105 Gedanken
1379 2071 1512 2105 anders
1531 2082 1593 2114 ge-

848 2117 952 2160 fasse,
980 2118 1054 2152 und.
1080 2118 1178 2152 dann
1204 2119 1275 2152 den
1302 2120 1424 2152 ersten
1445 2118 1530 2152 Satz
1551 2129 1595 2151 zu

849 2165 1033 2199 streichen
1058 2176 1264 2209 vel-gessen.

899 2216 974 2246 109.
1025 2212 1188 2246 (landum
1232 2228 1276 2239 =

849 2258 1072 2292 &ni-{tumea

896 2307 1101 2348 tempestiva
1121 2306 1169 2340 ad
1188 2309 1350 2347 mortem,
1371 2306 1404 2339 d.
1425 2306 1458 2339 h.
1480 2306 1595 2340 multa

849 2356 970 2394 erant,
997 2364 1088 2396 quae
1111 2353 1307 2395 efficerent,
1334 2356 1375 2386 ut
1393 2362 1488 2386 mors
1507 2353 1595 2386 mim·

849 2400 1055 2442 tempestiva
1076 2403 1169 2434 esset.
1197 2399 1271 2434 Cic.
1293 2399 1409 2434 denkt
1429 2410 1474 2433 an
1494 2399 1593 2433 seine

851 2445 1119 2490 Verbannung,
1145 2447 1217 2481 den
1237 2447 1266 2479 T
1270 2447 1317 2480 od
1337 2447 1455 2480 seiner
1476 2445 1594 2481 Toch-

849 2494 923 2535 ter,
950 2493 1167 2538 Untergang
1193 2494 1256 2528 der
1282 2493 1479 2538 Republik.

896 2540 990 2574 nihil
1020 2541 1094 2574 iam
1121 2541 1393 2584 acquirebatur,
1431 2539 1594 2574 niimlieh

849 2587 1030 2621 naehdem
1058 2587 1130 2622 Cic.
1152 2587 1216 2621 das
1239 2587 1421 2621 Konsulal:
1441 2586 1515 2620 und
1536 2586 1594 2620 die

849 2634 1003 2668 hochste
1031 2634 1133 2669 Stufe
1160 2634 1223 2668 des
1245 2634 1406 2668 Rnhmes
1434 2632 1594 2668 eri-eieht

848 2681 962 2716 hatte.

897 2729 1081 2762 cumulata
1107 2728 1231 2770 officia
1253 2744 1295 2755 =
1317 2728 1449 2769 officiis
1472 2737 1594 2759 cama-

851 2775 920 2809 late
945 2776 1183 2817 satisfactam.
1236 2774 1420 2808 cumulare
1435 2783 1594 2817 :pror-

851 2832 912 2856 sus
938 2822 1088 2865 πρῖεν-ε.

1322 2212 1594 2253 concedendam,
