1817 3103
329 99 723 135 TUSCULANARUM
749 99 1162 138 DISPUTATIONUM.
1192 105 1213 136 l.
1246 109 1390 139 19—21.
1582 107 1634 146 15

80 220 151 248 suo
183 221 260 247 non
294 210 458 248 recessit
495 216 533 248 et
573 215 700 248 tamen
738 209 835 248 dixit
873 210 1036 262 aliquid,
1075 211 1177 262 quod
1219 213 1345 262 ipsum
1385 215 1495 263 quale
1529 222 1634 254 esset

80 272 164 306 erat
195 267 317 306 multo
356 273 444 306 ante
484 273 522 306 et
561 268 707 306 dictum
747 274 784 306 et
822 269 1069 319 explanatum
1105 281 1125 306 a
1158 269 1328 308 Platone.
1394 271 1632 312 Xenocrates

79 326 196 364 animi
237 326 398 376 liguram
440 333 479 365 ct
519 328 629 376 quasi
670 338 813 377 corpus
863 329 1015 377 negavit
1056 339 1159 379 csse,
1208 327 1380 377 [veruml
1425 342 1632 370 numerum

80 383 178 422 dixit
208 396 306 436 esse,
339 386 450 423 cqus
482 386 551 436 vis,
584 390 626 423 ut
657 386 730 423 iam
765 391 852 422 ante
880 385 1120 435 Pythagorae
1148 387 1272 424 visum
1305 393 1400 436 erat,
1427 389 1465 424 iu
1495 395 1630 427 natura

79 453 255 480 maxuma
288 449 402 481 esset.
466 443 559 481 Eius
598 443 734 481 doctor
767 443 874 481 Plato
915 443 1106 494 triplicem
1146 444 1255 482 tinxit
1287 446 1476 497 animum,
1518 449 1630 485 cuius

76 501 355 553 principatum,
394 501 431 540 id
471 507 530 540 est
568 503 776 554 rationem,
821 503 859 540 in
900 503 1024 553 capite
1064 503 1166 541 sicut
1211 504 1248 541 in
1293 515 1381 541 arce
1423 505 1553 553 posuit
1593 511 1631 543 et

76 559 172 598 duas
203 564 334 610 partes
367 561 401 598 ei
433 571 570 610 parere
604 559 744 611 voluit,
777 561 872 598 iram
906 566 945 599 et
977 561 1247 612 cupiditatem,
1280 573 1376 611 quas
1407 565 1490 600 suis
1523 562 1628 614 locis,

75 619 173 656 iram
197 619 236 656 in
263 624 438 669 pectore,
472 618 723 669 cupiditatem
753 625 889 668 supter
914 619 1140 671 praecordia
1169 620 1317 658 locavit.
1370 620 1628 659 Dicaearchus
1647 629 1687 658 21

77 682 206 714 autem
239 678 278 714 in
311 689 356 714 eo
390 688 582 728 sermone,
615 689 729 727 quem
758 676 933 715 Corinthi
967 677 1140 715 habitum
1169 677 1294 716 tribus
1323 678 1431 716 libris
1458 681 1629 730 exponit,

76 735 280 773 doctorum
307 735 507 773 hominum
534 734 817 785 disputantium
844 737 970 786 primo
996 736 1095 773 libro
1124 736 1266 774 multos
1293 736 1499 787 loquentes
1521 738 1629 788 facit3

75 792 228 831 duobus
260 792 521 832 pherecraten
561 793 753 844 quendam
786 794 1007 832 Phthiotam
1047 806 1198 846 senem,
1238 807 1353 845 quem
1393 797 1446 833 ait
1477 808 1497 833 a
1531 796 1628 834 slew

75 851 223 889 calione
255 857 404 903 ortum,
441 851 700 890 disserentem
733 852 899 903 inducit,
942 852 1036 890 nihil
1075 865 1161 891 esse
1195 855 1352 891 omnino
1386 855 1558 891 animum
1593 860 1631 892 et

72 908 146 948 hoc
187 921 274 948 esse
318 922 460 948 nomen
503 916 627 948 totum
674 912 788 949 inane
837 911 1061 961 frustraque
1109 912 1285 950 animalia
1333 918 1372 950 et
1414 914 1629 950 animantes

73 967 270 1020 appellari,
297 981 424 1019 neque
451 970 490 1007 in
518 969 674 1007 homine
701 971 830 1007 inesse
857 971 1029 1008 animum
1057 970 1113 1008 vel
1141 972 1307 1008 animam
1334 982 1406 1009 nec
1434 973 1472 1008 in
1495 970 1630 1022 bestia,

70 1027 227 1077 vimque
260 1039 416 1065 onmem
449 1039 545 1079 eam,
579 1040 654 1078 qua
687 1027 746 1065 vel
779 1039 937 1078 agamus
970 1028 1063 1078 quid
1091 1029 1149 1067 vel
1182 1030 1408 1080 sentiamus,
1440 1031 1479 1067 in
1507 1031 1628 1067 omni-

70 1084 143 1123 bus
185 1085 418 1136 corporibus
460 1087 554 1123 vivis
596 1085 850 1136 aequabiliter
898 1098 984 1124 esse
1028 1087 1152 1125 fusam
1195 1100 1267 1125 ncc
1310 1087 1566 1138 separabilem
1609 1100 1657 1135 a,

67 1155 232 1194 corpore
267 1156 371 1194 esse,
410 1145 554 1194 quippe
587 1156 685 1194 quac
725 1144 829 1182 nulla
863 1146 912 1182 sit
945 1157 1016 1182 nec
1050 1147 1099 1184 sit
1132 1148 1341 1196 quicquam
1376 1148 1450 1184 nisi
1483 1158 1629 1196 corpus

67 1213 189 1240 unum
222 1207 260 1240 et
291 1201 466 1253 simplex,
499 1204 550 1240 ita
582 1203 809 1255 figuratum,
842 1208 884 1240 ut
918 1205 1199 1253 temperatione
1234 1210 1395 1242 naturae
1429 1205 1556 1255 vigeat
1589 1211 1627 1242 et

66 1353 248 1392 stooeenus,
273 1351 337 1394 qui
362 1350 507 1394 negavit
533 1350 678 1384 omnino
697 1350 810 1384 ullam

66 1407 136 1432 esse
173 1398 351 1438 animam,
388 1397 496 1431 etiam
534 1407 613 1431 eum
650 1398 739 1431 vivit
770 1398 810 1431 in

68 1443 238 1488 corpore?
283 1443 352 1478 Sed
388 1444 481 1478 sicut
518 1444 559 1477 in
594 1444 729 1486 fidibus
766 1455 809 1478 ex

67 1491 266 1525 intentione
301 1501 492 1525 nervorum
530 1491 626 1533 effici
666 1501 809 1525 concor-

67 1538 144 1572 dem
175 1548 303 1572 sonum
342 1541 448 1581 atque
478 1542 641 1580 emtum,
678 1539 733 1572 ita
769 1539 811 1572 in

69 1595 214 1629 corpore
256 1595 299 1619 ex
342 1595 509 1629 compaye
551 1586 725 1619 viseerum
768 1596 811 1619 ae

67 1632 188 1676 viyore
229 1632 466 1666 membrormn
520 1632 590 1666 vim
633 1632 811 1666 sentiendi

67 1679 227 1714 existere.

116 1729 170 1759 20.
199 1737 222 1760 α
252 1725 424 1768 Platone‚·
456 1725 583 1759 Phado
616 1728 688 1759 85e
720 1725 811 1759 wird

68 1771 168 1807 diese
194 1772 351 1806 Ansicht,
376 1782 448 1807 von
478 1772 596 1806 einem
622 1771 809 1816 Pythago-

67 1822 150 1854 raet
168 1818 358 1853 Philolaos
377 1821 625 1863 vorgetragen
645 1819 719 1856 und
738 1830 810 1853 von

71 1865 246 1901 Sokrates
260 1869 303 1900 92
319 1866 342 1902 f.
357 1865 563 1909 widerlegt.
591 1865 651 1900 Sie
666 1865 811 1900 scheinl:

66 1912 211 1947 damals
242 1913 303 1947 bei
334 1913 418 1947 dem
451 1912 662 1957 gebildeten
690 1912 812 1946 Publi—

67 1959 157 1994 kum
201 1959 274 1994 viel
318 1959 464 1993 Anklan
536 1959 720 2004 gefnnden
767 1971 812 1993 zu

67 2005 200 2042 haben.
227 2006 280 2041 Pl.
296 2017 328 2042 a..
343 2017 374 2041 a.
396 2006 437 2041 Ο.
464 2005 557 2040 ἄνευ
583 2003 811 2048 ἀποδείξεως

67 2050 159 2109 μετὰ
186 2051 328 2093 εἰκότος
353 2051 453 2094 τινὸς
479 2053 542 2088 καὶ
576 2050 811 2109 εὐπρεπείας,

68 2097 163 2135 ὅθεν
182 2100 245 2135 καὶ
266 2105 344 2140 τοῖς
363 2103 511 2140 πολλοῖς
537 2102 645 2135 δοκεῖ
662 2097 810 2143 ἀνθρώ-

68 2159 162 2187 ποις.

120 2194 340 2229 Xenocrates
378 2205 442 2229 aus
480 2193 714 2236 Chalkedon,
747 2193 812 2227 der

70 2240 224 2276 Schtiler
272 2242 347 2275 und
405 2241 534 2276 zweite
584 2240 812 2284 Nachfolger

69 2286 220 2328 Platos·
247 2300 286 2323 er
303 2288 516 2322 bestimmte
544 2288 603 2321 die
626 2287 730 2322 Scele
756 2287 811 2321 als

67 2334 146 2370 sich
166 2316 282 2370 selbst
300 2335 522 2379 bewegende
538 2335 628 2368 Zahl
651 2330 809 2377 ῥυθμός,

67 2378 231 2437 ἅριθμος
268 2380 532 2426 αὐτοκίνητος,
571 2382 686 2415 κινῶν
726 2378 811 2416 ἔαυ-

68 2427 144 2464 τόν.
180 2450 222 2454 —-
261 2429 331 2462 Mit
369 2429 439 2463 den
472 2429 626 2463 Worten
655 2429 812 2472 ftyztram

69 2479 101 2510 et
114 2476 220 2520 quasi
243 2487 373 2520 corpus
386 2475 465 2509 will
480 2475 552 2510 Cic.
569 2475 811 2515 ausdrticken,

68 2534 144 2557 was
176 2522 243 2556 wir
279 2523 558 2567 philosophisch
596 2521 808 2556 ‘Substanz’

70 2579 224 2604 nennen.
269 2569 372 2604 Denn
393 2570 515 2615 fiyura
534 2569 720 2604 iibersetzt
745 2569 811 2602 das

69 2616 352 2651 Aristotelische
390 2618 504 2658 εἱδος,
541 2617 646 2660 quasi
681 2626 812 2659 eorpus

69 2662 141 2697 den
177 2663 365 2698 stoischen
402 2662 544 2708 Begriff
580 2663 684 2707 σῶμα
723 2663 755 2697 d.
786 2662 808 2696 i.

71 2709 260 2745 Substanz.

117 2756 361 2802 Pythayorae,
394 2757 484 2790 iiber
519 2756 599 2791 sein
625 2756 750 2791 Leben
784 2767 810 2789 S.

73 2807 127 2845 16,
153 2806 197 2837 38
223 2816 257 2838 u.
284 2804 333 2838 IV
362 2808 392 2847 1,
420 2808 451 2838 2.

120 2850 241 2884 Plato.
270 2851 376 2884 Nach
396 2850 530 2884 Phiidr.
552 2863 586 2895 p.
603 2853 688 2894 246,
716 2850 810 2884 Tim.

883 1362 918 1394 p.
941 1350 1017 1384 69d
1050 1350 1200 1385 besteht
1235 1350 1292 1384 die
1328 1351 1432 1386 Seele
1465 1362 1531 1386 aus
1565 1352 1630 1386 de1

886 1396 1131 1440 Vernunst,
1162 1397 1269 1438 νοῦς,
1304 1395 1545 1442 ἡγεμονικόν,
1572 1402 1628 1433 λο-

884 1441 1068 1488 γιστικόν,
1093 1444 1208 1486 rath),-
1240 1443 1351 1487 Mut,
1383 1443 1525 1503 θυμός,
1558 1448 1626 1480 θυ-

883 1489 1043 1546 μοειδές,
1069 1491 1148 1531 ίν,(ι
1174 1490 1412 1536 Begierde,
1442 1489 1626 1536 ἐπιθυμη-

883 1535 999 1580 τικόν,
1026 1518 1220 1581 eupzd'itas.

931 1588 986 1619 21.
1031 1584 1281 1619 Dicaecwchus
1330 1596 1395 1619 aus
1445 1586 1626 1630 Messana,

885 1630 1038 1665 Schuler
1078 1631 1141 1665 des
1180 1631 1415 1667 Aristoteles.
1465 1633 1515 1667 Er
1554 1645 1628 1668 war

883 1679 989 1712 mehr
1015 1677 1221 1712 Historiker
1247 1679 1301 1712 als
1321 1678 1526 1724 Philosoph
1553 1680 1628 1714 und

883 1724 1102 1769 befleissigte
1125 1725 1203 1759 sich
1223 1725 1318 1759 auch
1338 1726 1376 1759 in
1397 1726 1523 1760 seinen
1542 1726 1627 1770 phi-

882 1771 1143 1816 losophischen
1170 1771 1354 1806 Schriften
1385 1773 1485 1807 einer
1510 1784 1626 1818 popu-

883 1818 986 1853 laren
1021 1818 1270 1863 Darstellung.
1322 1819 1404 1853 Von
1439 1819 1511 1855 Cic.
1553 1831 1628 1854 war

883 1876 922 1899 er
954 1865 1108 1899 deshatb
1141 1865 1249 1910 eifrig
1280 1866 1430 1910 gelesen
1463 1868 1503 1909 (s.
1532 1866 1626 1901 Einl.

884 1915 903 1954 ξ
919 1914 989 1955 24).
1027 1911 1113 1946 Sein
1133 1912 1404 1947 beriihmtestes
1419 1913 1532 1948 Werk
1552 1925 1629 1948 war

885 1960 963 2004 βίος
1001 1955 1193 2002 Ἑλλάδος,
1238 1959 1319 1994 eine
1365 1962 1434 1994 Art
1475 1959 1627 1994 Kultur-

883 2005 1097 2050 geschichte
1124 2006 1425 2041 Griechenlands.
1476 2007 1628 2041 Densel-

883 2053 955 2087 ben
988 2052 1225 2097 Gegenstand
1256 2052 1326 2088 wie
1365 2053 1425 2088 die
1461 2053 1543 2088 hier
1574 2065 1628 2088 er-

885 2100 1059 2134 w'zthnten
1085 2101 1342 2144 Κορινθιακοί
1376 2100 1626 2136 behandelten

884 2150 904 2180 3
931 2146 1075 2181 Biicher
1100 2147 1305 2193 Λεσβιακοί
1329 2158 1354 2181 S.
1383 2151 1438 2190 31,
1468 2151 1521 2181 77.

932 2194 1111 2228 animalia
1145 2198 1177 2228 et
1208 2195 1429 2236 animantes,
1462 2195 1536 2236 ζῶα
1563 2194 1627 2228 καὶ

886 2238 1052 2284 ἔμψυχα,
1092 2240 1157 2274 das
1196 2242 1291 2275 erste
1329 2241 1489 2286 begreift
1526 2241 1626 2275 Men-

885 2288 997 2321 schen
1028 2288 1101 2321 und
1130 2287 1257 2330 Tiere,
1290 2287 1354 2322 das
1387 2288 1498 2323 andre
1531 2288 1627 2323 auch

884 2334 943 2367 die
971 2333 1141 2368 Pflanzen
1165 2336 1272 2369 nnter
1298 2335 1386 2369 sich.
1433 2336 1628 2380 appellari,

884 2391 970 2415 man
997 2381 1151 2424 spreche
1176 2392 1259 2416 von.

931 2428 984 2462 vel
1010 2429 1182 2470 (mimam,
1210 2428 1313 2463 ‘oder
1339 2429 1434 2462 auch
1456 2440 1525 2462 nm·
1545 2427 1626 2462 eine

886 2474 1019 2510 Seele'.
1071 2475 1116 2509 de
1148 2486 1186 2509 re
1218 2474 1304 2519 pub.
1332 2475 1364 2508 II
1392 2479 1452 2517 38,
1488 2479 1532 2509 64
1564 2486 1626 2509 nec

884 2525 1003 2555 tamen
1042 2522 1156 2556 didici
1182 2543 1224 2547 —
1260 2534 1330 2556 rem
1361 2523 1549 2566 publicam
1582 2542 1625 2546 —

884 2569 1014 2612 quibus
1046 2569 1204 2603 moribus
1235 2573 1300 2603 aut
1335 2570 1470 2614 Ieyibus
1496 2570 1626 2603 eonsti-

884 2620 981 2649 tuere
1006 2617 1070 2650 vel
1096 2626 1305 2650 conservare
1328 2617 1515 2660 possimus.

931 2673 1022 2706 quae
1052 2663 1157 2696 mella
1187 2663 1252 2704 sit,
1292 2662 1365 2696 Cic.
1391 2663 1468 2696 will
1500 2672 1626 2706 Sagen,

885 2709 943 2743 die
963 2709 1070 2743 keine
1091 2709 1312 2754 gesonderte
1327 2709 1498 2743 Existenz
1517 2709 1625 2744 habe.

932 2757 1140 2799 temperatio
1177 2760 1271 2797 nat„
1316 2755 1374 2790 die
1418 2755 1626 2790 natfirliche

886 2802 1161 2846 Organisation,
1208 2802 1273 2836 das
1312 2802 1523 2837 Verhi'tltnis
1562 2802 1627 2837 der

885 2849 1073 2884 einzelnen
1099 2849 1212 2883 Teile.
