1790 3103
149 88 205 129 56
669 88 716 124 M.
745 89 905 125 TULLII
932 90 1185 126 CICERONIS

149 204 322 236 veterem
363 198 466 236 illam
500 199 681 249 equidem
714 200 957 251 Pythagorae
989 201 1179 252 primum,
1219 200 1307 238 dein
1340 201 1515 240 Platonis
1547 202 1710 254 discrip-
1753 218 1769 266 ἦ

150 257 297 295 tionem
331 268 490 309 sequar,
524 259 590 308 qui
623 260 795 297 animum
834 259 872 297 in
913 259 1010 297 duas
1047 264 1179 309 partes
1219 258 1414 310 dividunt,
1453 260 1614 299 alteram
1648 273 1708 300 ra-
1766 284 1769 306 ς

150 315 269 353 tionis
301 317 532 367 participem
566 317 731 369 faciunt,
764 317 924 356 alteram
958 322 1171 367 expertem.
1234 316 1276 355 ln
1318 319 1508 369 participe
1547 321 1717 359 rationis
1768 319 1769 322 ’

150 379 304 424 ponunt
345 374 686 426 tranquillitatem,
730 375 766 413 id
813 381 872 413 est
916 374 1106 425 placidam
1149 376 1399 426 quietamque
1441 379 1712 431 constantiam,

151 433 190 470 in
222 431 286 470 illa
319 432 439 471 altera
474 438 606 471 motus
643 433 821 471 turbidos
862 446 950 471 cum
984 435 1064 472 irae
1097 439 1179 472 tum
1214 434 1455 487 cupiditatis,
1494 438 1712 476 contrarios

92 492 410 542 11iuimicosque
451 493 603 530 rationi.
668 492 726 530 Sit
771 493 890 542 igitur
935 491 997 530 hic
1047 492 1150 543 fons3
1196 498 1353 531 utamur
1397 500 1524 532 tamen
1568 495 1607 532 in
1652 494 1719 534 his-

153 548 520 600 perturbationibus
546 549 817 588 describendis
845 549 1069 589 Stoicorum
1098 550 1391 589 definitionibus
1424 558 1462 591 et
1493 554 1713 603 partitioni-

153 607 244 659 bus,
278 609 344 658 qui
377 608 471 645 mihi
504 608 688 647 1166111111·
719 610 758 647 in
792 608 863 647 hac
896 611 1125 659 quaestione
1157 621 1224 647 161
1227 621 1303 647 sau
1337 612 1575 650 acutissime.

110 664 135 703 (ἶ
270 666 340 704 Est
377 667 496 717 igitur
536 666 704 706 Zenonis
745 667 841 706 haec
880 667 1072 720 definitio,
1116 674 1159 706 ut
1203 668 1446 719 perturbatio
1493 671 1560 721 sit,
1607 670 1715 738 quod

151 719 297 770 πάθος
340 724 404 762 1116
451 724 562 777 dicit,
607 738 741 765 aveisa
786 739 804 763 a
851 732 957 765 recta
1002 700 1152 765 ratione
1197 732 1332 765 contra
1374 734 1553 766 naturam
1595 730 1714 768 animi

152 784 372 821 commotio.
436 757 601 828 Quidam
633 784 810 837 brevius,
842 785 1179 836 perturbationem
1219 797 1305 824 esse
1347 785 1563 837 adpetitum
1597 787 1712 826 vehe-

152 843 403 893 mentiorem,
431 842 498 880 sed
525 843 858 882 vehementiorem
887 856 975 882 eum
1003 843 1137 882 volunt
1164 856 1263 895 esse,
1289 846 1357 894 qui
1383 843 1537 895 longius
1564 845 1712 885 disces-

152 901 249 939 serit
287 912 306 938 a
346 907 508 939 naturae
547 903 777 940 constantia.
839 902 977 940 Partes
1021 908 1150 941 autem
1195 899 1537 953 perturbationum
1576 903 1715 944 volunt

152 970 196 996 ex
231 958 386 997 duobus
419 961 588 1010 opinatis
626 960 739 998 honis
779 962 887 999 nasci
929 966 968 998 et
1007 973 1052 999 ex
1093 960 1245 998 duobus
1286 962 1454 1011 opinatis
1493 961 1623 1014 malis,
1661 965 1714 1002 ita

152 1029 239 1055 esse
273 1022 476 1067 quattuor:
510 1030 555 1056 ex
588 1018 701 1057 honis
728 1018 929 1057 libidinem
963 1025 1002 1057 et
1033 1019 1237 1071 laetitiam,
1272 1025 1314 1057 ut
1347 1020 1397 1058 sit
1428 1019 1574 1059 laetitia
1600 1033 1712 1072 prae·
1773 1034 1774 1037 ¹

152 1077 322 1114 sentium
356 1075 568 1128 bonorum,
610 1077 729 1115 libido
763 1078 1006 1130 futurorum,
1046 1090 1090 1115 ex
1131 1077 1241 1115 malis
1281 1084 1428 1116 metum
1469 1084 1507 1117 et
1546 1081 1716 1130 aegritu-

152 1133 283 1172 dinem
328 1137 437 1174 nasci
479 1141 660 1188 censent,
705 1142 852 1175 metum
894 1137 1056 1188 futuris,
1102 1136 1388 1186 aegritudinem
1420 1138 1720 1188 praesentibusz·

154 1205 252 1244 quae
296 1195 399 1231 enim
441 1195 637 1233 venientia
679 1200 929 1246 metuuntur,
974 1195 1109 1234 eadem
1152 1195 1339 1234 adficiunt
1370 1196 1614 1246 aegritudine
1657 1198 1715 1236 in·

96 1260 137 1291 12
154 1253 307 1290 stantia.
371 1251 533 1292 Laetitia
567 1259 697 1292 autem
731 1260 770 1292 et
802 1253 921 1292 libido
961 1256 1001 1292 in
1039 1253 1234 1292 honorum
1273 1255 1458 1304 opinione
1498 1261 1719 1307 versantur,

153 1322 241 1349 cum
274 1310 395 1349 libido
428 1312 473 1350 ad
507 1311 562 1363 id,
597 1312 701 1363 quod
735 1312 889 1351 videtur
921 1312 1086 1364 bonum,
1125 1312 1268 1350 inlecta
1302 1318 1340 1350 et
1379 1312 1615 1352 inflammata
1655 1326 1716 1353 ra-

152 1370 294 1421 piatur,
320 1369 465 1409 laetitia
492 1376 536 1408 ut
562 1370 699 1422 adepta
727 1372 801 1409 iam
829 1370 973 1421 aliquid
996 1372 1249 1421 concupitum
1272 1372 1470 1410 ecferatur
1497 1378 1536 1410 et
1562 1374 1721 1423 gestiat-

203 1531 445 1577 Pytltagyorae.
520 1529 613 1564 Dem
666 1530 900 1576 Pythagoras

154 1579 298 1613 scheint
324 1577 424 1612 diese
450 1577 667 1622 Einteilung
702 1578 767 1612 der
794 1578 899 1613 86616

154 1627 229 1660 erst
254 1635 325 1659 von
347 1625 520 1669 spateren
541 1624 713 1659 Stoikern
741 1624 810 1659 wie
830 1625 899 1660 Po-

974 1531 1018 1565 de
1047 1531 1105 1566 off.
1134 1532 1146 1565 I
1175 1535 1236 1574 29,
1273 1534 1338 1565 102
1371 1531 1620 1574 Efficiendum
1652 1544 1718 1568 au-

973 1582 1039 1613 tem
1065 1582 1132 1619 est,
1166 1581 1205 1612 ut
1237 1579 1420 1622 appetitus
1444 1579 1584 1613 rationi
1617 1581 1716 1615 oboe-

972 1626 1079 1660 ‹liant
1117 1646 1160 1650 —
1199 1626 1341 1669 sintque
1380 1627 1574 1670 tranquilli
1611 1630 1718 1672 atque

156 1672 320 1707 sidonius
341 1671 532 1716 beigelegt
550 1684 594 1705 zu
614 1671 703 1706 sein.
735 1673 899 1716 primum

152 1719 228 1754 und
254 1719 339 1754 dein
364 1719 527 1763 gehoren
552 1730 622 1752 nur
657 1731 700 1753 zu
731 1719 802 1754 den
829 1718 895 1753 Ge-

154 1765 322 1809 netiven‚
358 1766 433 1800 ‘die
466 1767 587 1800 zuerst
614 1777 687 1801 von
712 1766 898 1811 Pythago-

154 1824 231 1857 ras,
265 1813 363 1847 dann
394 1824 467 1847 von
495 1812 603 1847 Plato
630 1813 898 1858 aufgestellte'.

202 1862 243 1895 in
268 1861 363 1894 (luas
383 1862 528 1904 partes:
554 1861 648 1894 auch
675 1860 741 1894 das
768 1859 817 1894 ist
836 1872 899 1894 un-

154 1918 286 1952 genau.
339 1907 374 1941 S.
396 1919 423 1939 z.
446 1906 480 1939 ΙΙ
500 1911 557 1950 21,
577 1911 632 1941 47.
684 1907 804 1941 VVenn
826 1907 899 1941 Cic.

159 1954 218 1989 die
233 1953 543 1988 Leidenschaften
563 1953 600 1987 in
622 1954 692 1988 (1611
712 1954 899 1989 vernunst-

154 2001 257 2036 ]osen
274 2000 354 2035 Teil
376 2000 440 2034 der
456 2000 561 2034 Seele
580 2000 672 2045 legt,
697 2011 735 2035 so
754 2001 900 2035 kommt

156 2059 195 2082 er
232 2048 396 2082 dadurch
427 2047 465 2081 in
501 2047 608 2082 einen
635 2047 899 2092 Widerspruch

155 2107 199 2129 zu
231 2095 296 2129 der
322 2094 439 2129 Lehre
473 2094 537 2129 der
568 2095 709 2129 {uteren
741 2095 900 2138 Stoiker,

156 2141 296 2176 welche
318 2141 377 2176 die
396 2141 704 2176 Leidenschaften
725 2141 784 2176 ffir
803 2143 900 2177 iudi-

156 2190 214 2224 cia
226 2189 314 2223 oder
321 2189 508 2233 opiniones
520 2188 691 2223 erklttren
701 2189 775 2223 und
786 2189 901 2224 sehon

156 2236 310 2270 deshalb
337 2236 375 2269 in
402 2235 474 2270 den
493 2235 712 2270 denkenden
733 2235 815 2270 Teil
837 2236 901 2270 der

157 2282 262 2317 Seele
295 2284 419 2317 setzen
444 2285 603 2317 miissen.
655 2282 729 2317 Cic.
757 2283 901 2317 scheint

157 2330 246 2364 aber
291 2329 361 2363 den
387 2329 651 2373 Widersprueh
694 2330 799 2364 nicht
838 2330 899 2365 be-

156 2375 281 2410 merkt
306 2388 350 2410 zu
376 2376 508 2410 haben.
562 2376 596 2411 8.
623 2377 717 2410 Ε1111.
745 2381 764 2419 ξ
789 2381 845 2411 30.

203 2424 368 2466 faciunt,
392 2422 474 2457 hier
497 2439 540 2451 =
560 2422 805 2466 ‘constitutum
831 2435 901 2459 esse

157 2471 283 2505 (locent
309 2470 398 2504 oder
422 2470 564 2511 volunt,
597 2470 666 2504 wie
694 2470 738 2504 de
764 2471 823 2505 fin.
849 2471 900 2505 IV

157 2521 197 2560 4,
225 2521 245 2551 8
286 2518 358 2551 iam
396 2517 601 2561 arqumenti
637 2519 779 2552 ratione
817 2528 898 2552 con-

158 2565 250 2598 clusi
286 2567 396 2608 eaput
430 2574 501 2598 esse
533 2564 695 2607 faciunt,
734 2575 775 2598 ea
811 2575 902 2609 quae

151 2611 352 2655 perspicua
377 2611 515 2645 clieunt.

205 2657 255 2692 In
286 2658 471 2701 participe
508 2678 551 2682 —
587 2658 899 2702 tranquillitatem.

158 2705 264 2739 Aueh
290 2704 409 2739 dieser
426 2705 618 2739 Ausdruek
644 2705 693 2739 ist
717 2715 900 2750 ungenau,

159 2751 256 2786 denn
283 2750 342 2786 die
367 2752 618 2795 tranquillitas
639 2752 787 2786 besteht
805 2751 899 2786 doeh

158 2798 281 2840 datin,
321 2797 401 2832 dass
440 2798 504 2833 der
535 2799 790 2833 vernunstlose
819 2798 899 2833 Teil

158 2844 224 2879 der
257 2844 360 2880 86616
399 2845 464 2879 der
490 2844 672 2880 vernunst
706 2845 898 2890 gehorcht.

972 1674 1071 1707 omni
1096 1673 1212 1707 animi
1242 1673 1516 1715 perturbatione
1548 1678 1717 1717 careant,-

972 1730 1015 1754 eoe
1052 1730 1121 1773 quo
1159 1720 1308 1754 elucebit
1351 1720 1467 1754 munis
1506 1722 1718 1756 constantia

971 1768 1155 1811 omnisque
1179 1767 1386 1801 moderatio.

1020 1825 1112 1869 Kap.
1135 1824 1172 1860 6.
1206 1828 1258 1860 11.
1277 1826 1505 1869 perturbatio
1523 1826 1581 1860 sit.
1608 1825 1716 1872 Diog.

972 1872 1042 1906 VII
1085 1876 1151 1906 110
1194 1870 1322 1912 πάθος
1359 1870 1454 1907 κατὰ
1494 1870 1652 1916 Ζήνωνα
1691 1871 1717 1918 ἡ

972 1916 1107 1963 ἄλογος
1132 1932 1195 1953 και
1221 1917 1322 1963 παρὰ
1358 1917 1475 1973 φύσιν
1506 1920 1631 1964 ψυχῆς
1662 1921 1717 1954 κί-

972 1978 1093 2010 νησις,
1127 1962 1148 2010 ἢ
1183 1963 1278 2010 ὁρμὴ
1305 1963 1574 2009 πλεοναζουσα,
1625 1966 1720 2002 Eine

972 2013 1106 2048 andere
1143 2013 1344 2048 Definition
1380 2013 1484 2048 ffihrt
1520 2013 1620 2049 Stob.
1649 2014 1716 2050 ecl.

974 2060 1005 2094 II
1038 2072 1073 2115 p
1110 2064 1176 2095 166
1210 2071 1273 2094 an:
1312 2057 1437 2100 πάθος
1470 2057 1573 2094 εἶναι’
1601 2073 1718 2104 φασιν

974 2104 1092 2151 ὁρμὴν
1137 2103 1418 2148 πλεοναζουσαν
1462 2107 1526 2141 καὶ
1570 2103 1715 2153 ἀπειθῆ
1770 2130 1772 2154 ;

973 2154 1022 2199 τῷ
1049 2152 1219 2209 αἷροῦντι
1246 2152 1341 2200 λόγῳ
1368 2149 1390 2198 ἢ
1418 2155 1565 2197 κίνησιι
1591 2155 1718 2200 ψυχῆς

973 2198 1074 2245 παρὰ
1104 2198 1231 2244 φύσιν

1019 2260 1307 2294 vehementiorem
1334 2260 1401 2295 oet.
1453 2259 1499 2295 So
1531 2259 1628 2305 Chry
1605 2261 1715 2306 ysipp

972 2306 1031 2341 bei
1059 2306 1177 2341 Galen
1203 2306 1248 2341 de
1274 2307 1396 2351 dogm.
1418 2306 1530 2364 Hipp.
1556 2309 1593 2342 et:
1617 2307 1715 2343 Plat.

973 2365 1008 2398 p.
1037 2357 1104 2388 369
1134 2352 1228 2387 κατὰ
1255 2353 1365 2388 τοῦτο
1391 2352 1432 2388 δὲ
1460 2354 1524 2388 καὶ
1557 2351 1576 2388 ὁ
1609 2357 1717 2390 πλεο-

973 2398 1115 2456 νασμός
1146 2400 1211 2456 τῆς
1227 2397 1359 2455 ὁρμῆς
1397 2402 1540 2445 εἴρηται
1575 2398 1638 2436 διὰ
1673 2399 1717 2436 τὸ

973 2445 1041 2502 τὴν
1067 2444 1161 2482 καθ’
1190 2443 1331 2487 αὐτοὺς
1357 2447 1420 2481 καὶ
1447 2445 1610 2492 φυσικὴν
1642 2449 1717 2483 τῶν

974 2491 1099 2539 ὁρμῶν
1126 2495 1353 2539 συμμετρίαν
1378 2496 1640 2541 παραβαίνειν.

1016 2557 1160 2597 par,tes
1186 2552 1266 2587 hier
1291 2553 1349 2587 die
1373 2553 1452 2587 vier
1470 2553 1721 2599 Haupt-arten,

974 2600 1150 2635 wahrend
1176 2600 1226 2633 im
1252 2600 1465 2645 Folgenden
1492 2599 1552 2635 die
1571 2601 1715 2646 Haupt-

972 2649 1246 2729 ἶὲίίῗέἕεηενα,
1274 2647 1331 2681 die
1353 2647 1575 2682 Unterarten
1589 2652 1717 2692 partes

1020 2752 1201 2786 venientia
1228 2772 1270 2777 --
1297 2753 1477 2787 instantia
1510 2770 1554 2782 =
1585 2754 1716 2796 futura
1768 2763 1769 2766 ’

973 2819 1018 2824 —
1040 2799 1259 2843 praesentia.
1310 2799 1393 2844 Vgl.
1421 2800 1471 2834 111
1500 2805 1555 2846 15,
1581 2804 1620 2835 31
1651 2802 1715 2836 ad-

972 2847 1149 2881 venientes
1175 2847 1337 2892 impetus.
