1833 3098
156 48 240 90 150
672 50 720 83 Μ.
748 48 911 83 TULLII
936 49 1187 85 CICERONIS

155 156 377 209 phabatur?
409 160 472 196 cui
505 166 634 197 tamen
667 158 762 197 illud
794 160 923 210 ipsum
956 171 1034 198 non
1067 160 1289 212 accidisset,
1331 162 1364 198 si
1400 162 1440 199 in
1479 174 1521 200 re
1553 161 1709 212 publica

86 218 363 267 109quiescens
401 216 562 267 Epicuri
601 217 752 266 legibus
790 220 996 268 paruisset.
1059 217 1134 263 Qui
1173 220 1276 256 enim
1315 218 1464 257 beatior
1502 219 1708 273 Epicurus,

155 275 259 325 quod
304 277 343 313 in
387 277 511 326 patria
557 275 724 327 vivebat,
770 289 902 328 quam,
947 276 1050 327 quod
1095 276 1274 329 Athenis,
1319 276 1598 317 Metrodorus?
1643 286 1709 319 aut

154 333 263 372 Plato
291 333 551 373 Xenocratem
578 335 756 373 vincebat
784 342 849 374 aut
875 335 1033 373 Polemo
1060 335 1272 374 Arcesilam
1299 347 1375 386 quo
1404 341 1508 375 esset
1532 335 1712 377 beatior?

156 394 291 443 quanti
323 404 415 431 vero
447 394 521 431 ista
554 395 688 432 civitas
721 394 959 432 aestimanda
992 400 1068 445 est,
1108 406 1152 432 ex
1193 406 1267 444 qua
1305 393 1398 432 boni
1438 396 1711 446 sapientesque

154 449 386 502 pelluntur?
447 451 675 490 Damaratus
703 452 878 503 quidem,
912 452 1114 503 Tarquinii
1142 454 1266 491 nostri
1292 454 1395 503 regis
1421 459 1550 504 pater,
1583 460 1710 505 tyran-

157 522 251 548 num
285 509 492 561 Cypselum
527 511 630 561 quod
664 512 767 550 ferre
809 523 885 549 non
918 516 1088 562 poterat,
1129 510 1226 561 fugit
1258 510 1492 561 Tarquinios
1526 512 1712 551 Corintho

158 574 196 606 et
229 568 282 607 ibi
316 581 405 607 suas
438 570 614 607 fortunas
655 572 859 608 constituit
899 582 940 607 ae
980 569 1124 607 liberos
1164 571 1394 620 procreavit.
1456 570 1558 609 Num
1596 570 1714 610 stulte

88 671 110 687 ἢ
157 629 381 678 anteposuit
413 628 537 665 exsilii
570 628 790 666 libertatem
825 628 1060 666 domesticae
1096 626 1304 667 servituti?

86 671 153 754 ‘13180
274 686 356 724 Iam
390 698 481 724 vero
509 692 637 725 motus
665 688 800 738 animi,
835 686 1117 725 sollicitudines
1145 686 1489 738 aegritudinesque
1517 686 1710 726 oblivione

155 744 358 783 leniuntur
390 744 581 783 traductis
614 747 751 784 animis
792 745 837 783 ad
871 745 1120 796 voluptatem.
1183 744 1267 783 Non
1312 747 1394 783 sine
1438 758 1552 784 causa
1593 747 1712 797 igitur

155 802 351 853 Epicurus
384 816 502 842 ausus
529 811 589 842 est
615 804 745 842 dicere
773 816 927 854 semper
954 805 993 842 in
1021 803 1201 855 pluribus
1227 804 1340 842 bonis
1367 816 1453 842 esse
1481 805 1709 856 sapientem,

155 863 243 912 quia
271 874 427 913 semper
469 864 518 901 sit
559 864 597 901 in
632 862 907 913 voluptatibus.
970 862 1025 899 Ex
1069 875 1145 912 quo
1188 863 1289 900 effici
1331 869 1441 913 putat
1483 863 1564 914 ille,
1609 863 1713 913 quod

86 922 399 973 lnquaerimus,
440 927 482 959 ut
521 923 675 972 sapiens
716 933 870 971 semper
909 920 1047 959 beatus
1086 922 1146 958 sit.
1211 918 1422 972 ‘Etiamne,
1461 923 1493 960 si
1533 921 1713 960 sensibus

155 979 303 1017 carebit
341 979 562 1031 oculorum,
603 981 635 1017 si
674 976 877 1018 auriurnP’
940 978 1083 1030 Etiam,
1127 991 1214 1016 nam
1254 981 1328 1018 ista
1365 981 1448 1030 ipsa
1487 982 1713 1020 contemnit.

153 1037 330 1076 Primum
363 1039 466 1076 enim
499 1038 700 1076 horribilis
732 1040 806 1076 ista
839 1039 1005 1076 caecitas
1039 1037 1182 1088 quibus
1215 1037 1371 1077 tandem
1405 1045 1511 1077 caret
1538 1038 1710 1090 volupta-

154 1094 289 1135 tibus?
322 1109 411 1135 cum
438 1097 595 1148 quidam
623 1098 739 1136 etiam
766 1097 967 1148 disputent
994 1102 1145 1135 ceteras
1172 1096 1456 1149 voluptateslin
1482 1099 1579 1148 ipsis
1605 1097 1711 1136 habi-

155 1162 238 1194 tare
281 1155 480 1208 sensibus,
524 1169 621 1207 quae
666 1162 795 1194 autem
838 1163 997 1207 aspectu
1038 1157 1326 1207 percipiantur,
1367 1168 1411 1194 ea
1450 1168 1528 1194 non
1567 1157 1715 1195 versari

155 1215 197 1252 in
239 1214 443 1253 oculorum
485 1215 561 1253 ulla
603 1215 865 1266 iucunditate,
911 1221 953 1253 ut
999 1226 1041 1252 ea
1081 1226 1179 1265 quae
1212 1221 1433 1266 gustemus,
1475 1214 1713 1266 olfaciamus,

155 1279 389 1326 tractemus,
422 1273 641 1325 audiamus,
683 1275 722 1311 in
765 1286 807 1311 ea
849 1275 949 1324 ipsa,
991 1273 1058 1311 ubi
1098 1274 1306 1324 sentimus,
1346 1280 1456 1324 parte
1491 1280 1716 1325 versentur,

155 1332 195 1369 in
228 1331 352 1370 oculis
386 1332 459 1371 tale
493 1332 546 1370 nil
578 1333 638 1371 fit:
671 1334 822 1370 animus
856 1333 997 1383 accipit
1031 1344 1129 1382 quae
1163 1332 1348 1370 videmus.
1412 1333 1551 1370 Animo
1585 1339 1713 1371 autem

155 1445 220 1479 das
247 1444 341 1479 Exil,
392 1445 494 1479 Brut.
529 1449 589 1487 35,
627 1449 689 1479 131
731 1445 821 1479 wird
860 1456 898 1480 er

152 1503 267 1536 paene
296 1491 457 1526 Graecus
489 1493 562 1525 und
589 1492 773 1535 perfectus
805 1492 897 1536 Epi-

155 1550 283 1573 cureus
296 1540 472 1583 genannt.
510 1539 654 1583 Wegen
669 1538 789 1573 seines
804 1539 898 1583 grie-

971 1457 1032 1479 zur
1077 1444 1266 1489 Hoffnung
1309 1445 1374 1479 auf
1420 1445 1713 1480 bevorstehende

970 1491 1149 1526 F1·euden.

1022 1543 1097 1573 111.
1125 1549 1205 1572 cum
1225 1539 1373 1583 quidam
1392 1539 1499 1573 etiam
1520 1540 1588 1573 cet.
1644 1539 1718 1574 Far

155 1585 331 1620 chischen
357 1586 510 1620 Wesens
546 1586 671 1620 wurde
711 1598 748 1620 er
786 1587 899 1620 sehon

158 1637 223 1667 121
252 1644 322 1667 von
350 1633 389 1674 Q.
420 1632 575 1668 Scavola
600 1634 817 1677 verspottet.

202 1680 364 1724 Epicuri
390 1681 535 1724 leyibus.
585 1680 728 1724 Epikur
754 1679 898 1714 schrieb

155 1738 238 1770 vor,
265 1728 330 1762 der
356 1727 478 1762 Weise
506 1727 598 1761 solle
625 1726 704 1761 sich
735 1739 804 1761 nur
836 1738 897 1771 ge-

155 1785 333 1818 zwungen
353 1785 413 1808 am
428 1774 662 1808 Staatsleben
682 1773 897 1818 beteiligen‚

156 1820 204 1856 da
242 1821 300 1855 die
339 1821 537 1865 politische
563 1820 782 1865 Thiitigkeit
815 1821 898 1855 dem

157 1867 312 1903 Streben
337 1869 432 1903 nach
452 1867 637 1902 Weisheit
661 1869 735 1902 und
761 1867 899 1902 Glfick-

156 1915 331 1959 seligkeit
356 1927 424 1949 nur
451 1914 659 1949 hinderlich
685 1914 748 1950 sei.

206 1966 284 1997 109.
320 1962 520 2006 Epicur-us.
571 1961 644 1996 Cic.
683 1962 779 2005 folgt
819 1961 900 1995 hier

156 2009 221 2044 der
246 2009 423 2054 Angabe,
450 2008 530 2043 dass·
556 2008 699 2052 Epikur
718 2009 756 2042 in
776 2009 900 2042 Athen

155 2057 317 2101 geboren
344 2055 413 2099 sei,
441 2056 615 2090 wahrend
650 2055 770 2089 dieser
804 2055 899 2089 nach

155 2103 317 2138 anderen
360 2102 613 2137 Nachrichten
660 2112 724 2137 aus
770 2101 897 2136 Samos

154 2150 251 2185 nach
288 2151 413 2185 Athen
453 2149 711 2184 einwanderte.
764 2149 898 2183 Metro—

156 2198 239 2242 dor,
268 2197 429 2242 Epikurs
462 2196 606 2231 Freund
638 2196 711 2230 und
745 2196 898 2230 Schiiler

157 2245 196 2286 (s.
220 2257 248 2279 z.
270 2245 303 2278 II
326 2249 357 2286 3,
378 2246 413 2288 8)
440 2244 615 2278 stammte
641 2243 737 2277 nach
765 2242 896 2277 Strabo

156 2291 243 2325 XIII
266 2295 307 2325 19
329 2302 394 2325 aus
414 2290 658 2335 Lampsakus,
679 2291 775 2324 nach
790 2289 897 2334 Diog.

155 2338 189 2371 X
215 2341 258 2372 22
286 2349 362 2372 war
388 2337 482 2372 auch
509 2349 547 2371 er
573 2339 631 2371 ein
657 2337 833 2371 Athener.

207 2385 463 2427 Xenocratem,
490 2396 514 2418 s.
541 2388 560 2426 ξ
592 2388 667 2418 107.

204 2433 369 2467 vincebat
382 2451 425 2456 —
447 2441 516 2475 quo
535 2435 621 2466 esset
641 2431 794 2472 beatior,
821 2431 854 2465 d.
875 2430 897 2466 i.

155 2478 320 2514 vincebat
346 2479 576 2513 beatitudine.

207 2526 368 2568 Polemo,
395 2537 422 2559 S.
453 2529 512 2568 10,
540 2528 594 2559 30.

205 2574 406 2615 Arcesilas,
433 2584 458 2606 s.
487 2575 505 2613 ξ
534 2575 611 2606 107.

205 2620 444 2654 Damaratus.
495 2618 580 2663 Vgl.
600 2617 676 2653 Liv.
698 2618 713 2651 I
733 2621 788 2653 34.
828 2617 900 2653 Cic.

159 2666 203 2701 de
229 2678 267 2702 re
294 2679 328 2712 p.
356 2667 389 2700 II
417 2670 476 2708 19,
504 2670 548 2700 34
568 2665 592 2699 f.

206 2714 298 2758 Καρ.
325 2713 389 2749 38.
444 2717 519 2749 110.
557 2713 736 2747 traductis
769 2712 902 2746 animis

159 2762 208 2796 ad
245 2762 479 2805 voluptatem,
523 2759 687 2794 namlieh
738 2771 801 2793 zur
838 2758 902 2792 Er-

159 2808 340 2852 innerung
366 2819 412 2842 an
438 2817 660 2852 genossenes
687 2806 800 2841 Gutes
827 2805 900 2840 und

973 1586 1044 1620 den
1082 1585 1282 1620 Gedanken
1322 1586 1395 1629 vgl.
1429 1585 1445 1619 I
1478 1589 1539 1628 20,
1567 1589 1611 1620 46
1638 1585 1715 1621 Nos

972 1633 1066 1667 enim
1091 1643 1134 1667 ne
1159 1644 1258 1667 nunc
1283 1633 1426 1677 quidem
1455 1633 1568 1667 oculis
1599 1634 1713 1668 cerni-

971 1690 1050 1714 mus
1085 1690 1144 1721 ea,
1180 1691 1271 1724 quae
1306 1680 1483 1721 videmus,
1522 1690 1632 1724 neque
1667 1684 1717 1714 est

971 1727 1065 1761 enim
1091 1727 1190 1761 ullus
1214 1738 1337 1761 sensus
1369 1727 1409 1760 in
1436 1737 1592 1771 corpore.
1643 1727 1716 1761 Der

973 1773 1057 1808 Satz
1084 1773 1149 1817 ist,
1184 1774 1253 1808 wie
1286 1773 1350 1808 das
1378 1773 1471 1807 auch
1499 1773 1572 1808 Cic.
1600 1773 1715 1808 durch

971 1821 1120 1865 quidam
1141 1821 1248 1855 etiam
1268 1821 1360 1864 disp.
1383 1820 1576 1863 andeutet‚
1596 1831 1716 1865 gegen

973 1867 1032 1902 die
1058 1867 1175 1902 Lehre
1202 1868 1379 1912 Epikurs‚
1406 1867 1470 1902 der
1495 1866 1545 1900 im
1573 1867 1715 1912 Gegen-

972 1916 1047 1948 satz
1081 1926 1123 1948 zu
1153 1914 1224 1948 den
1251 1914 1425 1949 Stoikern
1456 1914 1594 1957 lehrte,
1635 1913 1715 1948 dass

973 1961 1031 1996 die
1054 1961 1401 2005 Sinueswerkzeuge
1426 1961 1541 1995 selbst
1562 1961 1713 2005 empfin-

973 2008 1060 2051 den,
1109 2008 1213 2042 nicht
1257 2008 1371 2042 durch
1409 2008 1461 2042 sie
1500 2007 1559 2042 die
1599 2007 1715 2043 Seele.

975 2055 1057 2099 Vgl.
1092 2055 1198 2088 Luer.
1237 2054 1289 2087 ΙΠ
1323 2059 1389 2089 359
1434 2054 1564 2089 Dicere
1602 2064 1715 2098 porro

973 2102 1092 2136 oculos
1130 2102 1269 2136 nullam
1313 2112 1385 2135 rem
1429 2111 1568 2135 cernere
1599 2111 1716 2145 posse,

973 2149 1043 2183 Sed
1081 2159 1149 2192 per
1187 2159 1242 2183 eos
1287 2149 1448 2182 animum
1491 2151 1532 2182 ut
1575 2148 1716 2191 foribus

970 2200 1127 2240 spectare
1152 2196 1301 2230 ‘reclusis
1326 2195 1496 2238 Desipere
1521 2198 1580 2229 est.

1019 2245 1183 2286 aspectu,
1214 2242 1293 2277 hier
1321 2241 1395 2276 ‘die
1422 2241 1623 2276 Sehkraft’.
1676 2240 1709 2277 S.

972 2293 1097 2331 §114
1148 2289 1253 2333 130,
1288 2293 1330 2323 73
1368 2289 1442 2323 nisi
1479 2289 1571 2323 idem
1609 2288 1712 2323 nobis

972 2337 1147 2371 accideret
1172 2337 1362 2381 diliyenter
1389 2336 1431 2370 de
1463 2336 1584 2370 antino
1617 2335 1710 2380 coyi-

972 2384 1152 2424 tantibus,
1178 2384 1272 2427 quod
1296 2384 1343 2418 iis
1367 2393 1471 2426 saepe
1502 2392 1571 2416 usu
1602 2382 1711 2424 venit,

971 2431 1033 2475 qui
1059 2431 1190 2464 acriter
1216 2431 1330 2465 oculis
1359 2429 1575 2472 deficientem
1605 2429 1711 2463 solem

971 2479 1217 2520 intuerentur,
1261 2480 1302 2512 ut
1345 2479 1526 2520 aspectum
1567 2476 1711 2510 omnino

971 2524 1182 2559 amitterent.

1022 2571 1161 2606 versari
1191 2571 1231 2604 in
1266 2570 1449 2605 oculorum
1476 2589 1518 2594 —-
1544 2569 1713 2604 iucundi-

975 2621 1063 2660 tate,
1083 2617 1149 2652 auf
1165 2616 1265 2652 einer
1285 2616 1538 2661 angenehmen
1552 2616 1713 2660 Empfin·

975 2665 1076 2709 dung
1100 2664 1159 2698 fiir
1186 2664 1243 2698 die
1270 2665 1399 2708 Augen
1424 2663 1599 2697 beruhen.

1022 2715 1230 2754 tractemus,
1257 2711 1290 2746 d.
1318 2710 1340 2745 i.
1368 2714 1570 2754 tanyamus.

1022 2760 1063 2793 in
1088 2759 1201 2793 oeulis
1228 2777 1270 2782 -—
1296 2758 1346 2800 fit.
1397 2755 1471 2790 Der
1494 2756 1578 2791 Satz
1605 2756 1712 2791 sollte

975 2816 1046 2840 von
1072 2809 1112 2839 ut
1138 2805 1348 2849 abhiirngem
1376 2804 1462 2838 aber
1482 2814 1546 2837 ans
1567 2803 1631 2837 der
1651 2802 1717 2837 ab·
