1817 3103
134 756 188 796 27

148 808 190 838 66

203 74 262 115 40
724 77 772 111 Μ.
799 76 958 111 TULLII
984 76 1236 112 CICERONIS

206 197 283 223 non
317 186 418 224 iusta
446 198 560 224 causa
587 199 658 225 6111·
683 186 936 226 Laomedonti
963 191 1068 226 tanta
1099 188 1210 226 fieret
1235 189 1386 227 iniuria.
1448 188 1636 240 Fingebat
1660 190 1756 229 haec

205 243 399 283 Homerus
432 251 471 283 et
501 244 669 284 humana
707 246 753 284 ad
792 246 885 284 deos
918 245 1194 285 transferebat:
1233 247 1361 285 divina
1399 247 1550 286 mallem
1588 249 1634 287 ad
1673 260 1756 287 nos.

207 302 312 347 Quae
358 310 489 342 autem
532 302 688 342 divina?
750 304 886 355 Vigere
932 317 1087 356 sapere,
1131 307 1305 343 invenire
1350 308 1584 345 meminisse.
1651 307 1768 358 ἓξὲξ

206 363 358 401 animus
409 369 452 401 ut
484 374 554 401 eoo
587 362 691 414 (1100,
724 362 877 402 divinus
904 370 963 402 est
1013 371 1056 402 ut
1080 363 1175 402 Euri
1207 364 1289 402 ides
1317 365 1447 403 dicere
1474 366 1590 404 audet
1641 366 1758 418 deus:

207 426 245 459 et
283 421 458 472 quidem,
497 423 528 459 si
567 421 664 459 deus
702 428 769 460 aut
812 434 937 460 amma
981 430 1048 461 aut
1090 424 1191 473 ignis
1236 428 1311 474 est,
1356 423 1458 462 idem
1501 431 1561 463 est
1603 426 1757 463 animus

205 478 390 530 hominis3
425 492 510 517 nam
544 486 587 518 ut
618 480 681 518 illa
713 486 851 519 natura
884 481 1062 520 caelestis
1095 487 1133 520 et
1165 488 1269 520 terra
1303 488 1409 521 vacat
1442 488 1480 521 et
1512 496 1666 535 umore,
1698 485 1756 522 sic

205 540 412 588 utriusque
444 538 582 577 harum
616 551 747 577 rerum
776 539 969 578 humanus
995 541 1148 579 animus
1181 546 1239 579 est
1271 553 1422 591 expers.
1451 563 1503 567 ——
1533 542 1601 580 Sin
1627 548 1758 581 autem

206 603 266 635 est
298 598 431 647 quinta
459 597 648 648 quaedam
680 604 836 651 natura,
869 598 915 637 ab
942 599 1150 638 Aristotele
1179 599 1335 638 inducta
1369 601 1556 653 primum,
1590 601 1685 640 haee
1718 606 1758 639 et

207 655 369 694 deorum
409 662 468 694 est
506 662 545 694 et
581 658 812 696 animorum.
874 657 982 696 Hane
1020 670 1091 696 nos
1131 660 1363 697 sententiam
1402 661 1526 698 secuti
1564 659 1756 711 his-ipsis

206 714 334 753 verbis
367 716 405 753 in
439 714 711 754 Consolatione
745 716 854 766 [hoe]
889 718 1163 768 expressimus.
1541 711 1638 768 s

326 770 569 812 ‘Animorum
607 775 710 813 nulla
748 778 788 814 in
827 777 944 814 terris
984 778 1093 827 origo
1130 778 1295 815 inveniri
1333 783 1479 828 potest;
1520 777 1615 816 nihil
1653 780 1757 816 euim

207 838 266 871 est
297 834 336 871 i11
369 834 506 871 animis
539 835 700 873 mixtum
735 840 849 885 atque
883 841 1110 874 concretum
1149 841 1215 874 aut
1253 835 1355 886 quod
1395 848 1440 874 ex
1480 842 1585 875 terra
1623 843 1759 875 natum

206 897 321 942 atque
355 894 486 930 lictum
514 905 600 931 esse
628 894 823 945 videatur,
854 893 949 932 nihil
982 907 1029 932 ne
1062 900 1128 932 aut
1154 894 1328 932 umidum
1356 895 1512 945 quidem
1539 901 1605 934 aut
1630 895 1761 934 flabile

206 957 272 989 aut
303 952 471 1001 igneum.
533 951 602 989 His
635 953 739 990 enim
778 954 816 990 in
850 954 998 991 naturis
1030 952 1125 991 nihil
1157 954 1260 991 inest
1291 954 1393 1003 quod
1427 955 1503 992 vim
1536 956 1758 1006 memoriae,

207 1011 366 1061 mentis,
411 1011 656 1060 cogitationis
697 1011 854 1063 habeat,
899 1011 1003 1061 quod
1045 1018 1082 1049 et
1124 1013 1333 1062 praeterita
1374 1018 1504 1051 teneat
1548 1019 1586 1051 et
1626 1014 1761 1051 futura-

206 1068 406 1118 provideat
438 1075 476 1107 et
509 1069 702 1120 conplecti
729 1072 851 1121 possit
878 1071 1115 1122 praesentia,
1149 1082 1245 1121 quae
1279 1070 1358 1108 sola
1385 1071 1512 1109 divina
1546 1078 1653 1124 sunt3
1685 1084 1759 1110 neo

206 1128 426 1166 invenietur
458 1140 644 1179 umquam
679 1129 779 1167 unde
822 1129 868 1167 ad
908 1129 1102 1167 hominem
1143 1130 1274 1167 venire
1313 1131 1465 1180 possint
1503 1132 1577 1169 nisi
1615 1143 1635 1169 a
1673 1131 1758 1169 deo.

209 1185 424 1236 Singularis
458 1192 517 1225 est
549 1189 668 1238 igitur
702 1188 889 1238 quaedam
924 1193 1060 1226 natura
1094 1194 1209 1239 atque
1242 1190 1298 1226 vis
1330 1190 1465 1241 animi,
1503 1191 1678 1228 seiuncta
1711 1189 1762 1227 ab·

206 1287 281 1322 und
307 1289 515 1323 ministrare
541 1289 578 1323 in
604 1290 717 1325 Prosa
743 1291 947 1325 (1611111101-

204 1334 274 1378 tiv,
297 1335 472 1370 wahrend
487 1335 544 1370 die
560 1336 710 1372 Dichter
725 1338 818 1372 auch
833 1349 947 1382 sagen

205 1383 418 1427 dederatque
437 1394 570 1418 comam
595 1385 799 1428 diffundere
822 1387 946 1420 ventis.

206 1429 316 1475 Verg.
342 1432 432 1465 Aen.
459 1430 474 1463 I
500 1435 578 1465 319.

252 1488 325 1511 non
352 1479 450 1512 iusta.
479 1489 590 1513 eausa
627 1479 745 1514 bilder
782 1492 825 1514 zu
863 1480 946 1514 dem

204 1524 329 1559 Inhal'o
366 1524 430 1559 des
465 1526 794 1570 voi-hergehenden
821 1526 946 1562 Satzes

206 1572 286 1606 eine
325 1572 563 1617 Appositiom
602 1574 675 1618 vgl.
716 1578 777 1617 35,
813 1577 856 1609 86
889 1576 945 1608 in-

204 1622 323 1662 eptum
347 1630 434 1654 sane
457 1621 649 1664 neqotium.
700 1625 761 1664 43,
787 1625 853 1655 102
873 1633 947 1655 rem

204 1676 279 1700 non
299 1667 493 1710 difficilem.
526 1671 582 1710 44,
600 1672 665 1702 107
685 1680 818 1713 magma
839 1670 947 1713 eulpa

209 1714 364 1757 Pelopis.
394 1735 434 1739 —
469 1714 574 1749 Naeh
605 1714 742 1750 Homer
773 1715 824 1750 ist
856 1716 946 1750 Tros

205 1761 321 1795 Vater
335 1762 397 1796 des
413 1762 622 1806 Ganymed3
644 1762 715 1797 Cic.
731 1763 828 1808 folgt
848 1764 948 1797 einer

205 1809 375 1852 spateren
402 1810 507 1853 Sage.

252 1855 463 1901 Euripides.
513 1857 571 1892 Fr
617 1857 686 1892 ine.
737 1858 810 1892 fab.
857 1863 947 1893 1007

205 1902 337 1937 Nauck
370 1916 406 1961 p.
445 1908 511 1938 533
549 1901 568 1938 ὁ
610 1906 699 1945 νοῦς
736 1903 805 1949 γὰρ
844 1904 948 1950 ἡμῶν

206 1946 304 1984 ἐστιν
326 1948 367 1985 ἐν
388 1948 530 2008 ἑκάστῳ
550 1950 652 1991 θεός.
704 1952 946 1997 Vg1.Tr0ad.

207 1999 274 2032 885
307 2011 403 2037 οςτις
435 1996 520 2032 ποτ’
555 1997 591 2033 εἷ
619 1997 663 2033 σύ
698 1996 949 2040 δυςτόπαστος

209 2042 350 2079 εἰδέναι
384 2043 494 2090 Ζεὺς,
534 2043 602 2080 εἴτ’
630 2043 776 2091 ανάγκη
809 2045 948 2091 φύσεος

207 2092 280 2126 εἴτε
307 2093 398 2132 νοῦς
423 2094 787 2152 βροτῶν.Α111111011
807 2095 856 2129 ist
875 2095 946 2128 He-

206 2139 338 2174 raklits
364 2141 575 2185 Ausspruch
601 2137 696 2185 ἦθος
729 2138 770 2176 ἐν
804 2138 947 2188 ἕκαστῳ

206 2187 360 2232 δαίμων.

255 2234 381 2269 Hanc:
406 2235 510 2270 nieht
535 2236 687 2280 speeiell
713 2236 771 2270 die
793 2236 950 2272 Ansicht

207 2281 272 2315 des
297 2281 534 2326 Aristoteles,
566 2283 724 2318 sondern
750 2284 950 2328 allgemein

208 2328 265 2362 die
291 2328 465 2373 Ansieht,
502 2329 581 2364 dass
607 2331 671 2365 der
698 2330 787 2366 Gott
818 2332 949 2367 beson-

208 2375 314 2410 derer
356 2377 431 2411 und
474 2377 676 2422 gottlicher
719 2378 838 2413 Natur
879 2378 950 2422 sei3

207 2423 303 2457 denn
329 2435 434 2459 wenn
459 2424 497 2458 111
517 2425 600 2459 dem
622 2425 835 2470 Folgenden
855 2428 950 2461 auch

203 2470 274 2505 -das
312 2471 441 2506 meiste
473 2483 511 2506 so
543 2472 742 2517 allgemein
772 2473 948 2518 gehalten

207 2517 273 2560 ist,
300 2518 379 2553 dass
405 2531 442 2554 es
468 2519 576 2554 Plato
612 2520 700 2554 oder
731 2521 948 2555 Aristoteles

208 2565 311 2599 hatte
328 2577 441 2611 sagen
454 2566 618 2610 konnen,
639 2578 678 2602 so
694 2567 950 2612 widerspricht

209 2612 302 2646 doeh
334 2612 456 2647 ausser
493 2614 666 2649 anderem
707 2615 772 2648 der
803 2614 949 2649 Schluss

202 2660 377 2704 praedita
401 2664 497 2695 motu
521 2662 734 2705 sempiterno
767 2662 948 2697 entschie-

209 2707 280 2741 den
304 2706 533 2742 Aristoteles'
560 2708 688 2743 Lehre.

256 2755 296 2789 in
323 2755 590 2798 Consolatione,
616 2755 682 2790 der
700 2755 869 2791 verloren
888 2767 948 2801 ge-

208 2813 402 2847 gangenen
439 2802 695 2847 Trostschrift,
728 2803 787 2839 die
821 2803 949 2839 Cicero

209 2853 252 2883 45
281 2850 375 2884 nach
401 2849 484 2885 dem
509 2850 611 2886 Tode
645 2851 764 2887 seiner
790 2851 951 2886 Tochter

1020 1290 1144 1324 Tullia
1181 1290 1361 1325 versasste.
1413 1291 1480 1325 Die
1520 1291 1658 1326 Schrift
1695 1291 1761 1326 des

1019 1338 1287 1372 Akademikers
1307 1338 1468 1373 Krantor
1490 1338 1572 1382 περὶ
1593 1338 1762 1378 πένθους

1020 1396 1094 1419 war
1120 1385 1198 1419 sein
1224 1384 1380 1419 Vorbild
1406 1385 1479 1419 und
1507 1385 1646 1427 Quelle

1067 1434 1314 1477 expressimus.
1365 1434 1561 1477 εαψνίνηωε
1592 1432 1692 1467 steht
1717 1444 1760 1467 zu

1021 1478 1166 1514 Ciceros
1199 1479 1278 1514 Zeila
1309 1481 1405 1514 noch
1442 1480 1548 1514 nieht
1579 1479 1761 1533 geradezu

1019 1527 1078 1560 fiir
1102 1528 1235 1569 dieer,e
1268 1527 1423 1561 Sondeln
1450 1528 1580 1562 immer
1604 1528 1644 1562 in
1676 1526 1760 1562 dem

1021 1573 1132 1608 Sinne
1165 1585 1237 1609 von
1274 1574 1492 1618 erlanteiffn
1530 1574 1759 1609 darstellen’

1022 1621 1159 1665 Objekt
1178 1621 1277 1655 kann
1296 1621 1451 1656 deshalb
1475 1633 1542 1656 nur
1567 1623 1660 1656 hane
1683 1632 1760 1656 sen-

1020 1669 1168 1703 tentiam
1195 1668 1271 1703 sein
1297 1669 1370 1702 und
1404 1670 1468 1704 hoc
1499 1668 1592 1703 muss
1627 1667 1759 1714 gestri-

1020 1716 1112 1750 chen
1140 1715 1296 1750 werden.

1068 1762 1160 1807 Kap.
1188 1762 1249 1798 27.
1302 1767 1357 1797 66.
1395 1764 1534 1807 flabile;
1577 1762 1761 1807 luftartig.

1022 1810 1096 1844 Das
1124 1810 1231 1845 Wor‘c
1255 1810 1400 1845 komml:
1425 1823 1492 1845 nur
1516 1810 1597 1845 hier
1622 1810 1660 1844 in
1685 1809 1761 1844 die-

1022 1869 1096 1892 sem
1120 1857 1230 1892 Sinne
1250 1869 1333 1901 vor,
1360 1860 1463 1893 sonst
1483 1858 1566 1902 sagi,
1587 1857 1660 1892 Cic.
1686 1858 1759 1902 spi-

1020 1905 1158 1939 rabilis.

1068 1953 1211 1993 mentis,
1237 1953 1484 1996 eogyitationis:
1509 1962 1605 1986 mens
1624 1952 1674 1986 ist
1693 1951 1761 1986 all-

1021 1999 1249 2044 gemeinerer
1268 1999 1409 2044 Begriff
1425 1999 1478 2035 als
1498 2000 1667 2043 cogitatio
1686 1998 1761 2033 und

1021 2046 1111 2081 wird
1140 2046 1220 2081 hier
1252 2047 1367 2080 durch
1399 2047 1463 2082 das
1495 2046 1668 2091 folgende
1700 2046 1761 2089 fu-

1021 2098 1106 2128 tura
1129 2095 1318 2138 provideat
1344 2094 1529 2129 erliiutert.

1068 2153 1159 2185 quae
1182 2142 1259 2175 sola
1284 2142 1411 2176 divina
1433 2145 1535 2183 sunt,
1561 2141 1595 2176 d.
1621 2140 1645 2175 i.
1671 2151 1763 2185 quae

1021 2189 1149 2223 divina
1191 2189 1304 2223 solum
1347 2200 1393 2232 s.‚
1438 2189 1525 2224 oder
1561 2199 1652 2233 quae
1688 2188 1763 2222 nisi

1021 2237 1149 2270 <livino
1174 2247 1243 2271 esse
1267 2247 1342 2270 non
1361 2239 1533 2280 possunt,
1564 2236 1662 2270 denn
1684 2235 1764 2269 sola

1021 2283 1070 2317 isi:
1090 2284 1159 2318 mit
1177 2284 1305 2318 divina
1324 2295 1367 2317 zu
1386 2283 1598 2318 verbinden.
1636 2282 1677 2316 In
1697 2282 1768 2316 der

1022 2330 1139 2375 Rege]
1165 2330 1310 2365 beziehl:
1342 2330 1419 2365 sich
1450 2331 1565 2373 solus,
1596 2330 1662 2364 das
1687 2329 1761 2363 Ad—

1019 2377 1155 2422 jektiv,
1189 2378 1254 2412 auf
1283 2378 1348 2412 das
1380 2377 1554 2423 Subjekss,
1587 2375 1762 2412 wahl-end

1022 2424 1059 2458 in
1085 2426 1210 2470 Bezug
1244 2425 1310 2460 auf
1341 2425 1406 2460 das
1440 2425 1618 2459 Pradikat
1647 2424 1763 2458 solum

1021 2473 1136 2516 steht,
1163 2473 1252 2507 aber
1278 2484 1304 2507 s,
1332 2472 1377 2507 de
1403 2472 1462 2507 fin.
1489 2472 1522 2506 II
1544 2476 1596 2515 14,
1617 2475 1662 2505 45
1687 2480 1763 2505 non

1021 2520 1092 2553 sibi
1127 2531 1163 2554 se
1204 2521 1273 2554 soli
1308 2523 1445 2554 nahem.
1497 2519 1584 2553 Hier
1621 2519 1760 2553 kiinnte

1016 2566 1153 2611 jedoeh
1180 2567 1253 2601 Cic.
1279 2579 1348 2601 nur
1373 2578 1438 2601 aus
1458 2564 1762 2610 Nachl‘a'tssigkeit

1022 2625 1062 2649 so
1099 2615 1341 2659 gesehrieben
1378 2614 1514 2655 haben,
1559 2613 1655 2647 denn
1695 2611 1765 2646 der

1022 2662 1215 2697 Ausdruek
1240 2660 1290 2696 ist
1316 2661 1462 2704 unklar,
1490 2660 1537 2695 da
1560 2660 1656 2695 nach
1676 2658 1760 2693 dem

1021 2709 1301 2755 gewohnliehen
1317 2709 1366 2753 Sp
1368 2707 1645 2752 rachgebrauch
1653 2706 1760 2751 Jeder

1020 2758 1097 2792 sola
1112 2756 1181 2790 mit
1193 2767 1284 2800 quae
1296 2754 1497 2790 verbinden
1513 2754 1614 2790 wird.
1647 2753 1760 2788 Erne-

1022 2803 1087 2839 stis
1114 2804 1345 2848 Vermutung
1387 2814 1478 2847 quae
1521 2805 1595 2836 tota
1632 2801 1760 2836 divina

1020 2855 1107 2887 sunt
1131 2851 1178 2886 ist
1203 2850 1306 2885 nicht
1330 2848 1698 2885 unwahrseheinlich.
