1817 3103
295 75 689 113 TUSCULANARUM
716 74 1114 110 DISPUTATIONL'M
1142 76 1183 109 11.
1211 78 1360 110 28—32.
1550 72 1604 112 87

49 187 150 239 quod
193 186 420 238 honestum,
468 185 568 236 quod
611 190 782 235 rectum,
826 183 927 234 quod
973 183 1160 221 decorum
1199 184 1454 234 appellamus,
1499 183 1603 234 quod

50 245 152 284 idem
186 245 383 283 interdum
417 245 571 282 virtutis
604 245 759 281 nomine
793 241 1109 292 complectimur,
1149 247 1191 279 ut
1229 244 1356 279 omnia
1389 249 1604 293 praeterea,

46 315 146 355 quae
191 302 290 341 bona
335 303 510 354 corporis
555 307 594 339 ct
638 302 816 339 fortunae
861 306 1066 351 putantur,
1114 301 1324 352 perexigua
1370 306 1408 338 et
1455 302 1604 339 minuta

48 361 263 414 videantur,
296 373 366 400 nec
400 360 541 398 malum
576 359 709 411 ullum,
742 371 788 397 ne
823 360 855 397 si
889 359 926 396 in
961 370 1081 397 [tntum
1113 357 1270 408 quidem
1298 357 1427 395 locum
1453 359 1602 397 conlata

48 420 174 458 omnia
201 421 290 471 sint,
317 432 405 458 cum
435 418 690 470 turpitudinis
717 417 816 455 malo
843 417 1112 468 comparanda.

45 479 293 530 concessisti,
327 477 528 529 turpitudo
560 478 671 528 peius
704 481 763 514 est
794 487 909 526 quam
942 475 1072 527 dolor,
1114 474 1209 512 nihil
1242 481 1301 513 est
1333 474 1445 525 plane
1479 474 1600 512 dolor.

45 535 142 574 Nam
184 535 275 574 dum
317 536 385 574 tibi
429 543 540 586 turpe
583 547 655 572 nec
696 534 855 585 dignum
899 535 978 571 viro
1021 533 1216 571 videbitur
1256 545 1412 583 gemere
1456 532 1601 571 eiulare

45 593 260 646 lamentari,
293 595 416 645 l'rangi
444 593 635 632 debilitari
663 592 808 644 dolore,
841 592 932 630 dum
960 592 1156 643 honestas,
1184 591 1275 629 dum
1303 592 1482 643 dignitaS,
1508 591 1601 629 dum

42 651 166 690 decus
204 653 345 705 aderit,
389 658 510 702 tuque
549 653 587 690 in
627 663 671 690 ea
709 652 867 690 intuens
907 657 943 689 te
987 649 1225 701 continebis,
1272 650 1385 688 cedet
1422 650 1599 700 profecto

44 711 180 749 virtuti
213 710 323 749 dolor
355 716 393 749 et
425 712 542 748 animi
568 710 794 748 inductione
821 709 1057 760 languescet.
1108 709 1183 747 Aut
1211 710 1315 747 enim
1343 708 1447 747 nulla
1474 710 1597 746 virtus

39 774 105 807 est
142 774 208 807 aut
245 769 554 807 contemnendus
593 769 718 806 omnis
751 767 871 806 dolor.

43 838 119 878 qua
151 839 199 865 ne
232 826 403 878 intellegi
436 827 592 878 quidem
626 826 700 865 ulla
734 828 858 865 virtus
890 823 1048 876 potest?

935 767 1239 806 Prudentiamne
1274 768 1330 804 vis
1369 779 1475 818 esse,
1515 768 1598 805 sine

1111 825 1212 870 Quid
1247 823 1370 876 ergo‘?
1402 837 1445 863 ea
1479 826 1598 876 patie-

44 890 158 924 turne
192 891 229 923 te
262 887 470 936 quicquam
506 886 631 923 facere
660 885 755 923 nihil
780 885 1049 935 proficientem
1078 891 1116 923 et
1138 884 1300 932 frustra
1327 881 1600 922 laborantem?

39 955 90 982 an
118 945 373 995 temperantia
401 945 502 982 sinet
529 950 565 982 te
592 943 834 981 inmoderate
856 944 983 981 facere
1006 941 1243 994 quicquam?
1276 955 1323 980 an
1351 942 1424 980 coli
1451 943 1600 981 iustitia

40 1003 187 1053 poterit
226 1001 272 1040 ab
311 1002 468 1040 homine
508 1008 668 1053 propter
701 1003 775 1039 vim
815 1001 960 1039 doloris
999 1003 1227 1040 enuntiante
1260 1002 1478 1052 commissa,
1511 1013 1600 1052 pro-

38 1059 159 1098 dente
193 1062 383 1113 conscios,
418 1060 539 1099 multa
566 1060 690 1098 officia
719 1058 994 1111 relinquente‘.>
1040 1057 1168 1106 Quid?
1202 1059 1422 1098 fortitudini
1450 1061 1660 1098 comiti-32

41 1117 196 1169 busque
230 1120 331 1171 eius,
365 1119 620 1170 magnitudini
653 1120 771 1156 animi
803 1120 1000 1170 gravitati,
1040 1120 1268 1170 patientiae,
1301 1130 1433 1156 rerum
1465 1117 1600 1156 huma-

41 1188 183 1215 narum
216 1177 493 1228 despicientiae
535 1190 610 1228 quo
651 1177 763 1215 modo
804 1175 1092 1228 respondebis?
1136 1177 1365 1215 adflictusne
1400 1184 1438 1215 et
1469 1178 1600 1215 iacens

39 1240 81 1273 et
119 1234 359 1274 lamentabili
393 1248 484 1273 voce
524 1235 732 1286 deplorans
771 1235 904 1274 audies
945 1232 982 1273 ‘o
1017 1237 1142 1274 virum
1176 1232 1362 1288 sortemlff
1421 1234 1474 1273 Te
1508 1247 1600 1273 vero
1640 1236 1650 1262 Γ

40 1294 92 1332 ita
128 1292 324 1332 adfectum
360 1307 406 1332 ne
435 1295 559 1331 virum
595 1294 750 1344 quidem
784 1289 1000 1345 quisquam'
1025 1294 1176 1332 dixerit.
1234 1286 1454 1332 Amittenda
1480 1295 1600 1344 igitur

40 1351 233 1390 fortitudo
267 1358 326 1391 est
357 1358 423 1391 aut
455 1351 704 1404 sepeliendus
737 1352 857 1391 dolor.
914 1352 1066 1403 Ecquid
1101 1354 1176 1391 scis
1209 1353 1340 1405 igitur,
1373 1354 1406 1390 si
1433 1351 1525 1403 quid
1552 1351 1598 1390 de
1618 1350 1672 1391 14

87 1464 363 1508 complectimur.
415 1464 483 1499 Die
518 1464 621 1499 Hdss.
663 1465 783 1499 haben

37 1511 309 1592 ffssptitfflz
341 1511 782 1593 &terwanenses

0 1614 2 1664 l
39 1605 141 1638 steht
172 1570 536 1649 immergeomplecti.
587 1605 631 1639 de
664 1605 722 1639 fin.
751 1605 782 1639 V

0 1665 1 1682 ι
38 1654 78 1694 9,
113 1655 157 1685 26
202 1662 279 1686 una
315 1652 623 1695 comprehensione
660 1653 782 1686 omnia

0 1715 1 1720 ¹
38 1698 235 1742 complecti.
285 1697 386 1733 Brut.
414 1702 452 1741 3,
488 1702 530 1732 14
567 1699 718 1733 bret-iter
751 1703 782 1733 et

40 1764 81 1769 -—
109 1745 367 1789 perdiliyenter
393 1745 597 1789 complexus
622 1749 680 1780 cst.
708 1757 781 1780 am-

31 1791 148 1835 plecti
182 1791 220 1824 in
255 1792 537 1835 fibertragenem
574 1792 685 1826 Sinne
721 1793 782 1827 be-

37 1837 170 1872 deutet
195 1836 344 1872 immer:
370 1839 438 1872 mit
463 1838 546 1873 dem
574 1838 688 1883 Geist,
717 1839 783 1874 mit

38 1883 104 1919 der
130 1884 231 1919 Rede
258 1885 428 1928 erfasseu,
457 1889 652 1920 umsassen.

75 1932 286 2012 pgrexiyua
295 1933 497 2013 etdmissussz.
533 1933 574 2013 lg
588 1932 651 1967 der
666 1933 783 2014 Rleggl

37 1989 104 2012 wir
189 1989 783 2021 erwiee1·0‚aerv.e

36 2023 96 2059 fin.
115 1989 246 2068 IIIP11‚
264 2029 308 2060 36
331 2027 522 2069 perfacilis
547 2030 578 2060 et
603 1992 780 2070 eapgedita.

38 2071 86 2106 ad
118 2070 241 2112 Quint.
272 2072 313 2106 fr.
341 2073 356 2106 Ι
385 2078 400 2107 1
430 2076 506 2115 §18
527 2077 726 2117 percautus
751 2077 782 2108 et

35 2118 200 2163 diliyens.

85 2166 352 2209 comparanda:
402 2165 515 2200 durch
566 2166 780 2202 Attraktion

36 2211 175 2246 richtet
199 2212 278 2246 sich
298 2213 363 2247 das
383 2212 548 2247 Verbum
573 2215 666 2248 stati,
683 2214 780 2249 nach

37 2259 177 2294 seinem
204 2259 361 2303 eigenen
387 2258 545 2304 Subjekt
574 2260 668 2294 nach
695 2261 778 2295 dem

37 2304 102 2340 des
118 2305 231 2340 nither
246 2306 447 2340 stehenden
457 2306 779 2342 Zwischensatzes.

38 2350 84 2386 de
111 2351 170 2389 off.
197 2353 213 2386 I
240 2356 296 2395 40,
319 2357 386 2387 145
411 2354 472 2388 sed
497 2365 549 2396 ea,
576 2366 666 2398 quae
690 2355 779 2389 mul-

37 2400 114 2434 tum
146 2399 191 2434 ab
227 2400 451 2434 humanitate
481 2401 706 2445 discrepant,
740 2406 780 2436 ut

36 2446 72 2480 si
100 2446 164 2491 qui
194 2447 235 2480 in
271 2447 350 2489 foro
388 2450 506 2481 cantet
543 2451 608 2482 aut
645 2449 678 2482 si
708 2460 780 2493 qua

36 2496 88 2527 est
119 2493 196 2528 alia
231 2504 365 2538 magna
397 2496 633 2538 perversitas,
671 2496 780 2538 facile

37 2542 199 2584 apparet.

87 2589 141 2621 31.
159 2587 276 2621 animi
287 2587 508 2629 induet-ione,
523 2588 638 2623 durch
661 2588 779 2624 festen

38 2630 191 2668 Willen.
242 2632 289 2668 ad
316 2633 356 2676 Q.
377 2634 420 2669 fr.
442 2634 457 2667 I
480 2639 496 2668 1
519 2638 538 2676 ἓ
557 2639 601 2670 32
627 2646 702 2671 non
731 2640 780 2671 est

37 2679 135 2714 enim
157 2680 318 2724 positum
343 2681 384 2715 in
409 2681 530 2716 labore
554 2683 694 2727 aliquo,
720 2684 780 2718 sed

37 2724 82 2759 in
104 2727 264 2770 quadam
289 2728 499 2763 inductione
523 2729 640 2763 animi
665 2733 697 2764 et
721 2741 779 2765 vo—

37 2769 186 2807 luntate.

86 2820 374 2862 prudentiamne.
429 2821 498 2857 Die
534 2822 613 2857 vier
649 2823 779 2858 Kardi-

856 1465 1107 1510 naltugenden
1144 1465 1352 1509 verbieten‚
1397 1465 1474 1500 sich
1514 1465 1598 1499 dem

857 1512 1049 1547 Schmerze
1077 1525 1121 1546 zu
1146 1512 1374 1547 fiberlassen.

903 1563 958 1594 32.
984 1560 1185 1601 comitibus,
1207 1559 1271 1593 das
1293 1559 1374 1594 sind
1395 1559 1453 1593 die
1468 1559 1600 1594 Unter-

855 1607 959 1640 arten
999 1606 1063 1640 der
1099 1603 1274 1651 ἀνδρεία,
1321 1618 1347 1641 s.
1388 1605 1489 1641 Stob.
1530 1606 1596 1641 ecl.

854 1652 888 1686 II
914 1665 948 1697 p.
979 1657 1055 1687 106.

902 1710 970 1744 quo
998 1700 1099 1734 modo
1124 1700 1364 1743 respondebis,
1390 1699 1474 1734 ‘wie
1495 1699 1599 1734 wirsl:

856 1746 905 1780 du
930 1747 1043 1781 ihnen
1069 1746 1220 1790 Geniige
1247 1747 1407 1781 leisten’.

903 1794 1113 1836 amittenda,
1135 1793 1216 1828 hier
1236 1810 1280 1822 =
1297 1794 1481 1835 mittenda,
1504 1792 1597 1828 ‘auf-

856 1841 1049 1884 zugeben’.
1087 1840 1133 1874 ad
1160 1840 1243 1875 Her.
1271 1840 1322 1874 IV
1349 1844 1404 1883 44,
1432 1844 1475 1874 57
1502 1840 1599 1874 unde

856 1888 979 1921 amisit
1010 1888 1138 1929 vitam,
1177 1890 1215 1921 at
1246 1898 1320 1922 non
1347 1887 1528 1931 perdidit,
1562 1898 1599 1921 re

855 1935 947 1968 enim
977 1935 1150 1969 vilissima
1175 1945 1298 1968 caram
1324 1939 1355 1968 et
1378 1945 1497 1978 parva
1522 1945 1597 1968 ma-

855 1981 991 2015 aeimam
1018 1982 1176 2024 redemit,
1199 2002 1241 2006 —
1263 1982 1399 2025 accepit
1420 1981 1597 2025 patriam,

855 2028 978 2062 amisit
1005 2029 1176 2062 animam.

901 2076 1140 2119 sepeliendus,
1199 2074 1332 2119 ‘vollig
1382 2086 1425 2108 zu
1474 2076 1596 2109 unter-

854 2121 1047 2156 driicken'.
1097 2122 1205 2166 Prop.
1232 2122 1248 2155 Ι
1283 2126 1342 2161 17,
1377 2125 1419 2155 19
1458 2121 1535 2155 illic
1564 2121 1598 2155 si

853 2180 925 2212 qua
952 2180 1065 2203 meum
1090 2169 1293 2213 sepelissent
1315 2169 1408 2211 sata,
1429 2168 1595 2202 dolorem.

854 2214 927 2249 Cic.
961 2215 1004 2249 de
1037 2215 1124 2260 imp.
1157 2216 1284 2259 Pomp.
1322 2219 1380 2258 11,
1416 2218 1461 2249 30
1500 2215 1596 2259 quod

852 2262 977 2296 bellum
1018 2263 1280 2306 exspectatione
1316 2263 1392 2296 eius
1431 2266 1594 2297 attenua-

852 2312 927 2343 tum
960 2329 1005 2334 —-
1037 2313 1104 2352 est,
1142 2310 1298 2344 adventu
1337 2310 1518 2344 sublatum
1553 2319 1595 2343 ac

851 2357 1037 2400 sepultum.

900 2402 990 2447 Kap.
1020 2403 1081 2438 14.
1121 2403 1279 2447 Ecquid,
1305 2402 1386 2438 hier
1409 2402 1470 2437 bei
1497 2402 1596 2436 einer

852 2450 1084 2494 bejahenden
1116 2450 1252 2494 Frage,
1292 2461 1331 2485 so
1364 2449 1595 2484 namentlich

851 2497 911 2531 bei
937 2496 1069 2531 Verbis
1095 2497 1164 2531 wie
1190 2498 1274 2539 scio,
1300 2497 1418 2538 video,
1445 2507 1472 2530 S.
1493 2508 1523 2530 z.
1544 2495 1596 2529 IV

853 2547 908 2585 23,
936 2547 991 2577 52.
1019 2564 1063 2568 —
1095 2543 1164 2578 Die
1196 2543 1330 2578 beiden
1356 2543 1594 2588 Asgmente.

852 2589 932 2624 dass
959 2602 1046 2625 man
1071 2590 1175 2625 nicht
1201 2590 1281 2625 eine
1303 2591 1456 2635 Tugend
1481 2588 1596 2624 allein

852 2637 1033 2679 besstzen,
1078 2637 1152 2672 und
1195 2638 1254 2672 die
1294 2637 1447 2682 Tugend
1490 2635 1594 2669 nicht

852 2684 990 2718 wieder
1021 2684 1202 2718 verlieren
1233 2684 1371 2727 konne‚
1408 2683 1490 2718 sind
1521 2693 1594 2716 von

853 2731 924 2765 den
957 2730 1130 2765 Stoikern
1163 2731 1340 2765 entlebnt.
1392 2729 1498 2774 Diog.
1524 2728 1594 2763 VII

855 2781 922 2811 125
948 2775 1014 2817 τὰς
1046 2776 1087 2812 δὲ
1121 2774 1257 2819 ἀρετὰς
1282 2773 1453 2820 λέγουσιν
1480 2773 1594 2810 ἄντα-

852 2826 1056 2858 κολουθεῖν
1094 2820 1267 2868 ἀλλήλαις
1306 2823 1368 2857 καὶ
1407 2820 1472 2857 τὸν
1504 2823 1594 2868 μίαν

1171 416 1252 461 Qua
1281 428 1322 454 re
1351 417 1395 466 si,
1423 422 1465 454 ut
1491 418 1601 454 initio
1617 425 1659 454 31
