1790 3103
271 95 663 131 TUSCULANARUM
689 94 1082 130 DISPUTATIONUM
1109 95 1168 129 111.
1196 98 1343 130 δῖ’-62.
1523 92 1577 133 35

213 205 373 245 rursu'm
405 207 584 252 creandi,
616 205 798 254 morsque
829 209 885 243 est
912 206 1030 250 finita
1062 205 1250 249 omnibus,

213 277 316 312 quae
343 263 487 313 qe'neri
516 265 687 303 humano
719 264 910 312 anyo'rem
942 265 1180 310 nequiquam
1214 262 1415 310 adserunt.

212 322 434 362 Reddenda
466 328 602 361 terrae
633 327 689 361 est
721 320 844 370 te'rra,
877 326 956 359 tum
991 323 1070 359 vila
1103 322 1280 359 amnibus

211 380 405 428 mete'nda,
439 386 480 419 ut
506 380 667 430 sruqes:
699 379 758 419 sic
791 381 896 418 iubet
928 379 1162 419 Necessitas.

35 451 206 504 Negabat
237 464 360 503 genus
393 451 465 490 hoc
498 453 684 490 orationis
717 452 923 501 quicquam
957 451 1113 488 omnino
1146 449 1191 487 ad
1225 448 1422 487 levandam
1456 452 1575 500 aegri·
1593 457 1636 488 6⁴)

35 511 210 551 tudinem
242 512 451 562 pertinere,
482 509 518 548 id
553 511 656 548 enim
687 511 814 560 ipsum
847 508 1056 547 dolendum
1090 520 1174 546 esse
1208 507 1372 558 dicebat,
1404 507 1505 558 quod
1540 510 1577 546 in

34 575 111 610 tam
151 568 348 608 crudelem
388 569 660 607 necessitatem
698 567 988 618 incidissemus3
1033 579 1119 605 nam
1159 566 1260 605 illam
1300 566 1456 617 quidem
1495 578 1577 604 ora-

35 629 181 668 tionem
215 640 260 665 ex
293 628 660 666 commemoratione
700 626 914 665 alienorum
948 625 1136 664 malorum
1169 625 1214 663 ad
1248 624 1455 663 malevolos
1489 636 1577 663 con-

35 686 216 726 solandos
243 698 329 725 esse
362 685 700 724 accommodatam.
750 683 844 723 Mihi
870 696 961 722 vero
988 684 1100 735 longe
1129 684 1281 722 videtur
1308 696 1433 722 secus.
1484 683 1577 721 Nam

35 752 73 785 et
99 745 311 784 necessitas
337 744 519 782 serendae
546 743 780 782 conditionis
813 743 1003 782 humanae
1035 744 1145 793 quasi
1178 754 1266 781 cum
1300 742 1371 781 deo
1405 754 1578 794 pugnare

32 803 215 856 prohibet
253 803 509 853 admonetque
549 814 634 840 esse
673 802 887 853 hominem,
927 814 1023 853 quae
1063 802 1244 853 cogitatio
1284 813 1422 852 magno
1461 812 1578 852 opere

34 862 184 902 luctum
215 861 331 913 levat,
364 866 401 900 et
434 862 675 899 enumeratio
709 860 975 912 exemplorum
1008 872 1103 912 non,
1136 866 1177 899 ut
1211 861 1381 899 animum
1414 859 1578 898 malevo-

34 920 161 960 lorum
193 919 373 972 oblectet,
405 919 592 971 adfertur,
625 919 692 958 sed
725 925 766 959 ut
799 919 875 971 ille,
908 921 974 970 qui
1007 925 1165 970 maeret,
1199 917 1408 957 ferundum
1442 917 1515 956 sibi
1541 916 1577 955 id

34 985 202 1032 censeat,
235 978 336 1030 quod
369 979 495 1017 videat
527 978 669 1017 multos
701 978 900 1017 moderate
934 984 971 1017 et
1003 977 1209 1029 tranquille
1244 977 1389 1016 tulisse.
1447 975 1634 1016 Omni-61

33 1037 106 1078 bus
145 1039 247 1077 enim
286 1037 410 1076 modis
448 1036 632 1076 fulciendi
671 1043 762 1076 sunt
801 1039 865 1088 qui
904 1043 1025 1076 ruunt
1062 1049 1133 1075 nec
1173 1035 1382 1075 cohaerere
1415 1041 1580 1087 possunt

32 1103 194 1149 propter
232 1095 536 1148 magnitudinem
581 1096 846 1147 aegritudinis.
907 1095 962 1134 Ex
1008 1108 1084 1147 quo
1129 1097 1251 1146 ipsam
1296 1094 1578 1145 aegritudinem

32 1151 176 1207 λύπην
201 1155 439 1206 Chrysippus
467 1156 577 1205 quasi
604 1154 837 1193 solutionem
863 1156 982 1193 totius
1009 1154 1176 1192 hominis
1203 1153 1431 1205 appellatam
1458 1158 1578 1204 putat.

34 1214 140 1260 Quae
173 1219 251 1253 tota
283 1215 427 1264 poterit
460 1212 571 1251 evelli
604 1213 801 1265 explicata,
835 1219 877 1252 ut
908 1214 1101 1264 principio
1135 1212 1230 1264 dixi,
1264 1224 1379 1251 causa
1412 1213 1578 1262 aegritu·

33 1272 152 1325 dinis,
185 1278 245 1311 est
276 1273 379 1310 enim
411 1271 514 1310 nulla
547 1271 618 1310 alia
650 1273 725 1310 nisi
758 1273 888 1323 opinio
922 1277 960 1310 et
991 1270 1180 1310 iudicium
1206 1272 1335 1321 magni
1361 1271 1578 1321 praesentis

33 1337 148 1383 atque
179 1331 384 1382 urguentis
416 1329 515 1369 mali.
577 1329 711 1381 Itaque
745 1336 782 1369 et
814 1329 923 1369 dolor
956 1331 1149 1382 corporis,
1189 1331 1300 1368 cuius
1334 1335 1392 1368 est
1423 1340 1579 1368 morsus

33 1391 263 1441 acerrimus,
300 1389 499 1440 perfertur
538 1401 605 1440 spe
647 1390 846 1440 proposita
883 1388 974 1427 boni
1013 1394 1050 1427 et
1087 1394 1170 1427 acta
1203 1393 1307 1427 aetas
1338 1387 1502 1426 honeste
1536 1399 1579 1425 ae

33 1447 232 1500 splendide
271 1454 415 1487 tantam
457 1447 582 1486 adfert
624 1448 945 1499 consolationem,
990 1454 1032 1486 ut
1070 1459 1154 1499 eos,
1199 1449 1265 1498 qui
1311 1448 1362 1486 ita
1401 1448 1578 1498 vixerint,

32 1513 98 1547 aut
130 1519 207 1546 non
239 1508 400 1557 attingat
432 1506 632 1557 aegritudo
666 1513 731 1545 aut
762 1506 970 1558 perleviter
1002 1512 1148 1557 pungat
1181 1507 1298 1544 animi
1330 1505 1450 1544 dolor.
1594 1535 1618 1565 9

152 1565 227 1604 Sed
270 1565 315 1603 ad
356 1565 454 1603 hanc
496 1567 717 1616 opinionem
758 1566 886 1616 magni
927 1565 1017 1603 mali
1058 1577 1146 1604 cum
1187 1564 1249 1603 illa
1292 1566 1406 1603 etiam
1448 1566 1577 1615 opinio
1593 1567 1636 1618 {2

33 1626 214 1675 accessit,
253 1630 452 1675 oportere,
496 1630 647 1662 rectum
686 1636 790 1676 esse,
835 1623 880 1662 ad
914 1624 1084 1662 officium
1117 1625 1314 1675 pertinere
1349 1624 1451 1662 serre
1483 1622 1577 1661 illud

31 1695 158 1735 aegre,
185 1682 287 1733 quod
321 1681 523 1734 acciderit,
555 1688 638 1721 tum
670 1682 837 1734 denique
871 1682 1039 1721 efficitur
1071 1682 1133 1720 illa
1165 1684 1292 1733 gravis
1325 1681 1579 1733 aegritudinis

34 1741 287 1794 perturbatio.
351 1740 407 1778 Ex
440 1740 510 1779 hac
544 1742 725 1792 opinione
758 1748 848 1780 sunt
879 1740 942 1779 illa
975 1743 1076 1779 varia
1104 1747 1142 1779 et
1169 1740 1409 1780 detestabilia
1437 1752 1578 1792 genera

77 1867 186 1911 finita
212 1883 255 1895 =
281 1866 442 1909 definita,
469 1867 673 1902 constituta.
840 1865 914 1901 lich
958 1866 1022 1901 das
1066 1866 1326 1901 unbestimmte
1371 1866 1578 1901 Pronomen

78 1918 171 1956 tum,
217 1913 379 1948 ‘ferner'.
436 1913 527 1948 Dem
566 1912 767 1948 Gedanken
843 1913 957 1948 ‘man'
991 1913 1083 1948 wird
1114 1913 1219 1948 nicht
1252 1914 1368 1948 selten
1401 1913 1455 1948 als
1489 1913 1579 1948 Sub-

32 1971 313 2006 angemessener
349 1960 472 1995 wtirde
509 1964 540 1994 et
577 1961 664 1996 oder
701 1972 767 1995 au·
836 1960 919 2005 jekt
943 1960 1003 1995 bei
1029 1961 1111 1996 dem
1137 1960 1299 1995 infinitiv
1330 1960 1577 2005 ausgelassen.

31 2011 98 2044 tem
123 2007 211 2043 sein.
842 2007 875 2041 S.
902 2020 930 2042 z.
957 2007 972 2041 1
999 2012 1055 2051 25,
1082 2011 1125 2043 60
1150 2009 1260 2051 fateri
1285 2008 1429 2043 mscire.

78 2055 153 2090 vita
177 2055 347 2090 metenda.
397 2054 484 2090 Hor.
505 2054 571 2099 Ep.
593 2053 625 2088 ΙΙ
646 2058 678 2098 2,
702 2059 766 2090 178
889 2058 942 2089 61.
982 2056 1180 2096 cohaere-re,
1223 2055 1333 2099 Halt,
1373 2054 1579 2099 Festigkeit

30 2102 127 2138 metit
168 2100 281 2137 Orous
316 2102 475 2147 prandia
515 2112 593 2136 cum
626 2102 766 2146 par-vis,
840 2101 971 2136 haben.
1017 2102 1049 2136 V
1069 2105 1124 2145 28,
1152 2105 1195 2137 30
1221 2113 1284 2137 nec
1309 2102 1404 2136 enim
1429 2102 1578 2136 virtutes

31 2159 105 2185 mm
129 2149 322 2184 ecc-orabilis
347 2159 448 2184 auro.
839 2149 916 2184 sine
950 2149 1052 2184 beata
1086 2151 1161 2184 vita
1199 2149 1381 2184 cohaerere
1415 2151 1577 2193 possunt,

79 2200 132 2232 60.
183 2196 300 2231 oratio
351 2206 394 2230 ex
442 2197 768 2230 commemoratione
840 2206 902 2230 nec
935 2197 1001 2231 illa
1030 2197 1108 2231 sine
1132 2196 1336 2231 virtutibus.
1387 2194 1461 2230 Der
1486 2196 1577 2230 Aus-

33 2243 64 2278 ἁ.
91 2243 114 2279 i.
153 2252 204 2278 or.
236 2253 343 2288 quae„
362 2253 405 2277 επ
442 2244 768 2278 commemoratione
841 2242 954 2277 druck
989 2243 1038 2278 ist
1073 2243 1237 2288 gew'ahlt
1273 2243 1341 2277 mit
1375 2242 1578 2278 Riicksicht

30 2290 284 2335 proficiscitur.
320 2288 481 2324 Ahnlich
501 2288 589 2324 Sall.
611 2289 689 2324 Cat.
711 2293 766 2331 35,
840 2289 906 2324 auf
945 2289 1003 2325 die
1046 2290 1219 2335 folgende
1262 2289 1463 2325 Definition
1514 2289 1576 2325 des

32 2339 53 2372 2
84 2337 365 2379 satisfactionem
390 2347 433 2371 ex
456 2337 561 2371 nulla
590 2338 766 2371 eonscien-
840 2335 1076 2391 Chrysippus.

32 2384 86 2419 tia
110 2384 152 2419 de
176 2384 284 2428 culpa
307 2383 418 2418 nami.
438 2384 647 2428 profectam.
695 2382 766 2418 Cic.
886 2385 991 2428 quasi
1028 2385 1246 2420 solutiooaem.
1302 2384 1472 2419 Dieselbe
1511 2396 1575 2418 un—

31 2429 132 2466 Verr.
159 2430 209 2465 IV
236 2434 291 2475 27,
328 2433 370 2466 62
401 2431 585 2465 vinarium
616 2441 659 2465 ex
692 2442 768 2465 una
840 2430 982 2476 sinnige
1008 2431 1242 2477 Etymologie
1275 2431 1442 2466 erw'ahnt
1465 2431 1577 2466 sehon

31 2488 166 2524 yemma
201 2477 312 2512 naml.
338 2478 484 2520 factum.
536 2478 641 2512 Auch
680 2478 766 2513 Hor.
840 2477 948 2512 Plato
979 2479 1079 2514 Krat.
1112 2491 1146 2524 p.
1172 2483 1269 2514 4190
1306 2475 1328 2522 ἡ
1367 2476 1463 2522 λύπη
1501 2474 1574 2512 ἀπὸ

34 2525 100 2560 sat.
125 2525 159 2560 ΙΙ
185 2529 224 2569 6,
259 2529 301 2559 72
339 2535 382 2559 ex
414 2535 452 2559 re
485 2525 635 2567 fabellas
670 2525 768 2560 kann
840 2525 904 2582 τῆς
931 2524 1135 2566 διαλύσεως
1159 2525 1225 2561 τοῦ
1260 2523 1425 2580 σώματος
1455 2524 1576 2560 ἔοικεν

18 2582 118 2607 anan
141 2571 385 2617 vergleiohen.
841 2568 1123 2629 ἐπωνομάσθαι,
1147 2569 1192 2616 ἣν
1220 2570 1260 2608 ἐν
1286 2585 1404 2618 τουτφ
1429 2572 1478 2617 τῷ
1506 2570 1575 2606 πά-

78 2620 285 2661 ηεοεεεῆαε,
322 2618 386 2654 der
411 2618 586 2653 Gedanke
624 2629 670 2653 311
709 2619 767 2654 die
838 2620 903 2653 θει
928 2621 1020 2665 ἴσχει
1047 2618 1086 2655 τὸ
1115 2620 1228 2665 σῶμα.

32 2664 342 2711 Notwendigkeit.
392 2664 476 2710 Vgl.
503 2665 547 2700 de
579 2676 652 2700 sen.
680 2670 718 2709 2,
745 2670 764 2701 5
881 2668 1077 2713 principio.
1131 2667 1164 2703 S.
1194 2671 1246 2710 10,
1274 2671 1329 2702 23.

33 2712 121 2757 quid
143 2716 194 2748 est
212 2714 305 2748 enim
324 2713 428 2748 aliud
447 2712 644 2757 Gigantum
664 2713 766 2748 modo
885 2713 978 2759 Kap.
1005 2715 1067 2750 26.
1115 2718 1169 2749 62
1214 2725 1256 2749 ex
1298 2714 1365 2748 hac
1408 2713 1576 2756 opinione

35 2758 163 2794 bellare
199 2770 278 2795 cum
309 2761 399 2804 diis,
431 2760 504 2794 m'si
535 2763 691 2795 naturae
715 2771 766 2795 re·
838 2765 934 2803 sunt,
961 2772 1025 2796 aus
1052 2761 1170 2796 dieser
1194 2760 1372 2804 Meinung
1397 2758 1575 2803 entsprin-

28 2815 203 2850 pugnare.
839 2808 938 2852 gen’.
988 2808 1042 2842 De
1076 2808 1147 2851 leg.
1175 2807 1190 2840 I
1226 2811 1283 2847 12,
1320 2810 1361 2841 33
1398 2806 1493 2840 unde
1527 2808 1575 2840 est

81 2853 243 2889 admonet
273 2864 343 2890 esse
372 2855 544 2890 hominem
556 2868 566 2887 .·
602 2856 766 2889 nament-
838 2855 903 2890 illa
932 2854 1160 2901 Pythagorea
1188 2864 1264 2888 voa.

1246 2910 1293 2946 3*
