1790 3103
309 86 704 122 TUSCULANARUM
730 86 1129 122 DISPUTATIONUM
1158 88 1217 122 lV.
1246 92 1371 122 6—10.
1552 86 1609 127 55

52 197 196 237 eadere
228 198 267 235 in
300 198 514 248 sapientem
547 193 860 247 aegritudinem?
922 198 965 234 A.
998 196 1166 234 Prorsus
1200 210 1275 234 nou
1309 197 1488 235 arbitror.
1552 196 1607 234 M.

58 257 190 307 Atqui,
225 257 256 294 si
289 257 361 294 ista
394 255 625 306 perturbare
662 256 833 293 animum
873 255 1059 304 sapientis
1099 266 1175 292 non
1215 261 1361 306 potest,
1401 255 1502 293 nulla
1542 266 1607 306 po—

58 315 160 355 terit.
223 313 324 359 Quid
357 311 489 352 enim‘?
529 319 706 352 metusne
740 310 978 352 conturbet?
1039 312 1087 350 At
1120 324 1254 350 earum
1286 325 1419 350 rerum
1452 320 1512 352 est
1543 313 1606 352 ab·

55 373 224 411 sentium
258 378 403 422 metuS,
436 384 602 422 quarum
628 372 895 422 praesentium
928 377 988 409 est
1018 370 1233 421 aegritudo.
1297 370 1456 408 Sublata
1489 374 1607 422 igitur

53 430 299 481 aegritudine
333 430 510 480 sublatus
542 436 601 468 est
638 435 777 468 metus.
839 429 1002 467 Restant
1033 428 1131 467 duae
1164 428 1499 480 perturbationeS,
1532 430 1606 468 lae-

55 490 140 528 titia
171 490 343 539 gestiens
376 495 414 527 et
446 488 582 527 libido:
614 500 712 538 quae
745 489 778 525 si
811 500 887 525 uon
921 487 1061 525 cadent
1100 489 1138 525 in
1179 489 1413 538 sapientem,
1452 499 1607 538 semper

54 558 165 586 mens
193 548 268 585 erit
293 547 500 597 tranquilla
527 547 725 597 sapientis.
776 547 820 583 A.
848 545 912 584 Sic
939 558 1103 596 prorsus
1129 545 1326 596 intellego.
1385 546 1438 583 M.
1466 545 1640 585 Utrum9

53 606 174 656 igitur
201 607 321 644 mavis
353 607 535 644 statimne
568 617 638 642 nos
665 604 746 642 vela
773 605 901 642 facere
935 617 980 642 an
1016 606 1126 655 quasi
1159 617 1178 642 e
1212 610 1328 655 portu
1360 604 1607 654 egredientes

51 663 254 715 paululum
292 661 511 714 remigare?
572 664 616 701 Α.
654 662 847 707 Quidnam
885 668 945 701 est
982 660 1113 701 istuc?
1151 675 1228 701 non
1270 664 1373 700 enim
1412 662 1648 712 intellegot')

54 723 109 761 M.
158 722 255 768 Quia
300 722 539 772 Chrysippus
584 727 623 759 et
668 721 806 772 Stoici,
857 734 945 760 cum
990 721 1037 759 de
1082 723 1199 759 animi
1244 720 1608 772 perturbationibus

52 780 269 832 disputant,
303 792 479 831 magnam
511 786 662 830 partem
696 781 734 817 in
766 781 814 818 iis
846 779 1062 830 partiendis
1095 786 1133 818 et
1165 779 1396 818 deliniendis
1427 781 1607 831 occupati

52 845 161 891 sunt,
192 838 255 877 illa
288 850 424 877 eorum
456 840 668 889 perexigua
701 840 824 876 oratio
858 844 935 890 est,
978 850 1052 889 qua
1085 838 1317 876 medeantur
1357 839 1495 876 animis
1535 850 1606 876 nec

50 909 118 936 eos
160 896 410 935 turbulentos
451 908 537 935 esse
576 898 792 948 patiantur,
837 896 1088 948 Peripatetici
1132 902 1262 935 autem
1307 896 1353 935 ad
1397 896 1606 947 placandos

49 957 200 995 animos
232 955 353 994 multa
391 955 591 1007 adferunt,
629 957 760 1004 spinas
798 955 993 1006 partiendi
1032 961 1071 994 et
1111 955 1321 994 deliniendi
1360 956 1606 1005 praetermit-

50 1020 155 1054 tunt:
189 1013 423 1065 quaerebam
460 1015 579 1064 igitur
618 1019 750 1052 utrum
790 1014 1000 1065 panderem
1040 1013 1123 1052 vela
1161 1015 1349 1052 orationis
1389 1015 1519 1052 statim
1559 1026 1606 1052 an

49 1085 134 1111 eam
162 1079 250 1111 ante
277 1072 479 1124 paululum
506 1071 799 1111 dialecticorum
827 1074 946 1111 remis
972 1072 1245 1123 propellerem.
1308 1074 1352 1111 Α.
1380 1071 1457 1110 Isto
1492 1072 1606 1110 modo

51 1143 160 1182 vero,
199 1133 274 1170 erit
305 1133 409 1169 enim
447 1130 520 1169 hoe
560 1136 702 1182 totum,
740 1130 844 1181 quod
883 1143 1047 1182 quaero,
1086 1143 1132 1169 ex
1172 1138 1340 1181 utroque
1379 1131 1605 1181 perfectius.

48 1190 103 1228 M.
137 1189 208 1228 Est
239 1189 277 1227 id
311 1189 468 1240 quidem
501 1190 666 1240 rectius,
705 1189 773 1227 sed
811 1195 900 1240 post
937 1191 1134 1240 requires,
1175 1192 1208 1228 si
1247 1189 1339 1240 quid
1379 1190 1498 1227 fuerit
1536 1188 1602 1227 ob·
1623 1201 1665 1231 10

47 1249 216 1286 scurius.
278 1249 323 1286 A.
355 1247 510 1286 Faciam
542 1247 741 1298 equidem:
776 1253 816 1286 tu
850 1254 997 1299 tamen,
1033 1253 1075 1286 ut
1107 1247 1227 1299 soles,
1266 1248 1373 1285 dices
1411 1248 1484 1286 ista
1523 1249 1606 1298 ipsa

42 1305 215 1345 obseura
259 1306 431 1357 planius,
476 1318 591 1356 quam
633 1304 820 1344 dicuntur
862 1318 881 1344 a
923 1306 1092 1344 Graecis.
1156 1307 1210 1344 M.
1242 1305 1379 1344 Enitar
1412 1305 1606 1357 equidem,

46 1364 115 1403 sed
147 1366 298 1403 intento
332 1376 430 1415 opus
463 1370 523 1402 est
555 1365 701 1416 animo,
735 1376 792 1410 ne,
817 1366 946 1403 omnia
972 1364 1211 1416 dilabantur,
1245 1367 1277 1403 si
1310 1376 1432 1403 unum
1459 1364 1605 1415 aliquid

46 1423 239 1474 effugerit.
301 1422 510 1474 Quoniam,
552 1434 651 1473 quae
694 1422 832 1461 Graeci
872 1418 996 1474 πάθη
1039 1430 1196 1474 vocant,
1242 1422 1354 1461 nobis
1398 1422 1605 1474 perturba-

42 1483 172 1520 tiones
218 1481 403 1533 appellari
447 1482 569 1531 magis
613 1480 741 1532 placet
786 1494 902 1532 quam
947 1481 1123 1533 morbos,
1175 1483 1213 1520 in
1260 1482 1319 1520 bis
1364 1481 1606 1533 explicandis

93 1618 259 1653 Prorsus.
311 1617 346 1652 S.
374 1630 401 1652 z.
429 1618 445 1651 I
472 1622 510 1660 5,
537 1622 570 1652 9.

92 1687 216 1711 earum
235 1687 354 1711 rerum
373 1679 433 1718 est,
460 1676 607 1711 bezieht
627 1676 705 1711 sich
725 1677 792 1711 auf

40 1722 145 1759 diese
170 1722 308 1768 Dinge,
334 1727 353 1765 ξ
382 1727 435 1757 11.
486 1723 538 1757 ΙΙΙ
564 1726 582 1765 ξ
616 1727 659 1758 83
694 1725 786 1758 invi-

41 1771 126 1805 dere
151 1771 395 1815 aegritudiuis
420 1773 480 1804 est.

92 1838 124 1871 9.
167 1834 296 1869 Utrum
326 1835 443 1880 iyitur
474 1835 589 1869 waaris
619 1835 787 1869 statimne

40 1884 113 1917 cet.
146 1880 197 1916 ist
234 1881 272 1916 in
303 1880 384 1916 eine
410 1881 529 1925 Frage
567 1894 611 1915 zu
645 1881 786 1925 ziehen‚

42 1928 167 1963 indem
192 1929 289 1963 nach
322 1932 445 1963 utrum
471 1928 598 1973 haufig
623 1928 719 1963 noch
744 1939 788 1963 ue

42 1987 105 2010 zur
130 1975 384 2020 Verstarkung
416 1986 462 2009 an
499 1976 565 2009 das
597 1977 694 2010 erste
725 1976 787 2010 be-

41 2023 147 2058 tonte
166 2023 277 2057 Wort:
296 2021 360 2056 der
379 2022 498 2066 Frage
520 2022 608 2056 oder
628 2022 787 2056 seltener

39 2068 81 2103 in
100 2069 217 2104 Prosa
237 2080 284 2103 an
303 2072 426 2103 utrum
445 2069 562 2103 selbst
574 2069 789 2114 angeh’angt

43 2116 146 2152 wird.
199 2120 259 2158 27,
297 2119 339 2150 59
378 2119 502 2150 utrum
539 2117 677 2151 illudne
714 2127 788 2151 uon

42 2163 210 2198 videatur
230 2173 332 2207 aeyre
350 2163 555 2205 ferundum.
588 2174 622 2206 p.
640 2162 785 2204 Quinct.

44 2213 102 2253 30,
129 2213 172 2244 92
200 2209 262 2243 Ea
286 2220 341 2244 res
365 2220 464 2243 nuuc
483 2210 577 2244 enim
596 2211 637 2244 iu
656 2210 786 2245 discri-

0 2267 1 2280 ¹
43 2257 140 2291 mine
175 2259 356 2298 versatur,
397 2260 521 2291 utrum
556 2257 716 2299 possitue
752 2267 787 2292 se

41 2307 171 2338 contra
203 2304 385 2337 luxuriem
420 2323 460 2327 —
493 2303 688 2345 defendere.
741 2303 785 2338 de

41 2349 117 2385 inv.
143 2350 159 2384 1
179 2354 235 2393 31,
257 2354 299 2384 51
326 2351 359 2384 si
383 2350 503 2384 virum
522 2350 589 2384 illa
607 2350 785 2385 meliorem

42 2397 189 2439 habeat,
229 2408 337 2441 quam
375 2400 415 2431 tu
451 2397 576 2438 habes,
618 2400 787 2432 utrumne

43 2447 147 2479 tuum
172 2444 291 2478 virum
316 2444 422 2478 malis
448 2455 497 2478 au
522 2444 633 2478 illius.

91 2508 169 2542 vela
205 2508 340 2551 faeere,
385 2508 449 2543 der
486 2508 666 2543 seltenere
691 2507 785 2543 Aus-

40 2553 160 2589 druek
185 2554 243 2589 fiir
274 2555 351 2589 vela
376 2555 552 2599 paudere,
584 2556 662 2590 vela
686 2556 784 2590 dare.

46 2599 147 2637 Verr.
173 2600 206 2635 V
233 2605 293 2644 34,
325 2604 370 2636 88
402 2603 547 2646 malum,
568 2602 675 2646 eriyi,
707 2603 786 2637 vela

43 2647 124 2690 fieri
165 2649 368 2693 imperavit.
420 2649 486 2683 Die
524 2648 786 2694 Ubertragung

43 2694 236 2729 ahnlicher
255 2694 382 2729 Bilder
406 2707 479 2730 von
499 2695 563 2730 der
584 2695 785 2730 Schiffahrt

44 2740 113 2776 auf
134 2741 192 2776 die
212 2742 444 2777 rednerisehe
465 2741 712 2787 Behandlung
736 2742 786 2777 ist

44 2786 179 2833 haufig.
231 2788 377 2833 Vg1.§
421 2793 476 2824 33.
529 2789 588 2824 Or.
633 2792 695 2831 23,
741 2793 783 2824 75

42 2844 254 2880 quocunque
271 2835 438 2879 feremur,
466 2837 591 2871 danda
611 2836 784 2871 nimirum

862 1619 939 1652 vela
965 1622 1060 1652 sunt.
1113 1617 1352 1652 Namentlich
1373 1617 1467 1652 liebt
1486 1617 1606 1652 Horaz

862 1665 926 1699 das
948 1664 1041 1699 Bild.
1086 1664 1204 1700 Carm.
1226 1665 1318 1706 134,
1338 1669 1369 1699 4.
1415 1664 1465 1698 IV
1489 1668 1543 1706 15,
1563 1668 1603 1699 4.

909 1712 1002 1756 Kap.
1029 1712 1066 1747 5.
1119 1712 1232 1756 Quid
1273 1723 1316 1745 zu
1343 1713 1525 1756 erganzen
1555 1711 1606 1746 ist

859 1759 912 1793 sie
937 1758 1368 1801 dieo,s.z.1117,14.

909 1805 1136 1851 Chrysippus
1173 1809 1205 1839 et
1242 1785 1376 1847 St’oici,
1422 1804 1518 1849 Chry
1522 1804 1604 1850 sipp

860 1852 934 1886 und
968 1853 1027 1887 die
1062 1852 1219 1896 ubrigen
1252 1852 1409 1886 Stoiker.
1461 1850 1541 1886 Cas.
1569 1852 1603 1887 b.

861 1899 948 1943 gall.
978 1898 1029 1933 VI
1055 1903 1117 1942 24,
1143 1903 1163 1933 2
1191 1899 1429 1933 Eratostheni
1463 1902 1494 1932 et
1526 1899 1605 1942 qui-

861 1946 1011 1980 busdam
1056 1946 1216 1981 Graecis.
1270 1945 1375 1980 Tusc.
1421 1945 1454 1979 V
1499 1950 1538 1988 3,
1583 1949 1603 1980 9

860 1994 1026 2028 omnibus
1080 1994 1213 2028 studiis
1271 1993 1605 2037 contemplationem

856 2044 1062 2083 praestar,e
1098 2040 1130 2074 d.
1159 2040 1181 2074 i.
1209 2040 1374 2074 omnibus
1409 2040 1494 2074 aliis
1529 2043 1603 2073 stu-

860 2087 943 2122 diis.
995 2087 1140 2122 Ebenso
1179 2087 1317 2121 Homer
1355 2085 1521 2120 11.X1X
1559 2089 1603 2121 63

853 2130 1003 2176 'Europa
1030 2132 1099 2178 μὲν
1124 2133 1188 2168 καὶ
1218 2133 1340 2177 Τρωσὶ
1372 2130 1412 2167 τὸ
1440 2133 1602 2175 κέρδιον.

859 2181 963 2215 Aueh
985 2181 1050 2215 der
1067 2180 1309 2224 umgekehrte
1324 2179 1518 2214 Gebrauch
1539 2180 1603 2213 fin—

860 2227 923 2262 det
966 2227 1045 2262 sich
1088 2226 1194 2262 nicht
1231 2226 1358 2262 seiten.
1409 2227 1512 2261 Verr.
1552 2226 1604 2260 IV

859 2277 916 2317 20,
942 2278 986 2308 43
1022 2277 1063 2308 ut
1099 2275 1207 2308 etiam
1246 2285 1323 2308 una
1361 2284 1440 2308 eum
1479 2274 1604 2308 ceteris

859 2321 995 2356 Siculis
1015 2322 1288 2365 despoliaretur.
1334 2319 1398 2365 (Er
1417 2331 1493 2354 war
1514 2321 1604 2355 aber

860 2367 976 2403 selbst
1001 2368 1089 2402 kein
1116 2367 1289 2411 Sikuler.)

905 2415 983 2450 Isto
1004 2416 1104 2450 modo
1123 2426 1222 2456 vero,
1251 2414 1439 2449 natfirlieh
1458 2414 1524 2448 auf
1541 2414 1600 2449 die

858 2461 1010 2497 letztere
1037 2463 1116 2496 Art.
1168 2462 1203 2496 S.
1231 2474 1259 2497 z.
1286 2461 1320 2494 II
1350 2465 1410 2503 11,
1438 2464 1494 2495 26.

906 2520 949 2543 ex
975 2513 1141 2554 utroque,
1167 2509 1200 2542 d.
1222 2508 1244 2544 i.
1272 2509 1305 2543 si
1329 2511 1484 2552 utraque
1505 2508 1603 2543 ratio

858 2554 1180 2600 Peripateticorum
1215 2558 1247 2590 et
1281 2555 1485 2590 Stoicorum
1520 2565 1603 2589 con-

856 2603 1035 2647 iungitur.

907 2653 961 2684 10.
1012 2649 1153 2684 Enitar
1179 2649 1355 2694 equidem,
1386 2648 1457 2683 secl.
1510 2648 1543 2682 S.
1571 2659 1601 2681 z.

857 2695 892 2729 11
919 2700 1029 2737 5,14
1054 2696 1146 2730 fiber
1171 2696 1341 2766 equidem.

904 2742 1026 2786 πάθη.
1045 2743 1136 2777 uber
1149 2733 1247 2777 dieU
1251 2743 1469 2785 bersetzung
1484 2739 1600 2774 durch

852 2790 1081 2833 perturbatio
1120 2789 1207 2824 oder
1251 2788 1396 2823 morbus
1433 2786 1507 2832 vgl.
1547 2785 1601 2820 111

857 2840 896 2879 4,
925 2841 956 2872 τ.
