<?xml version="1.0" encoding="UTF-8"?>
<!DOCTYPE html PUBLIC "-//W3C//DTD XHTML 1.0 Transitional//EN"
    "http://www.w3.org/TR/xhtml1/DTD/xhtml1-transitional.dtd">
<html xmlns="http://www.w3.org/1999/xhtml" xml:lang="en" lang="en">
 <head>
  <title>
</title>
<meta http-equiv="Content-Type" content="text/html;charset=utf-8" />
  <meta name='ocr-system' content='tesseract 3.04.00' />
  <meta name='ocr-capabilities' content='ocr_page ocr_carea ocr_par ocr_line ocrx_word'/>
</head>
<body>
  <div class='ocr_page' id='page_1' title='image "./tusculanarumdisp01ciceuoft_0217.png"; bbox 0 0 1790 3103; ppageno 0'>
   <div class='ocr_carea' id='block_1_1' title="bbox 269 88 1587 130">
    <p class='ocr_par' dir='ltr' id='par_1_1' title="bbox 269 88 1587 130">
     <span class='ocr_line' id='line_1_1' title="bbox 269 88 1587 130; baseline 0 -6"><span class='ocrx_word' id='word_1_1' title='bbox 269 88 667 124; x_wconf 83' lang='lat' dir='ltr'><strong>TUSCULANARUM</strong></span> <span class='ocrx_word' id='word_1_2' title='bbox 692 89 1094 125; x_wconf 87' lang='lat' dir='ltr'><strong>DISPUTATIONUM</strong></span> <span class='ocrx_word' id='word_1_3' title='bbox 1122 90 1181 125; x_wconf 91' lang='lat' dir='ltr'><strong>IV.</strong></span> <span class='ocrx_word' id='word_1_4' title='bbox 1209 93 1359 124; x_wconf 77' lang='lat'>45—48.</span> <span class='ocrx_word' id='word_1_5' title='bbox 1534 89 1587 130; x_wconf 81' lang='lat'><strong>75</strong></span> 
     </span>
    </p>
   </div>
   <div class='ocr_carea' id='block_1_2' title="bbox 33 201 240 255">
    <p class='ocr_par' dir='ltr' id='par_1_2' title="bbox 33 201 240 255">
     <span class='ocr_line' id='line_1_2' title="bbox 33 201 240 255; baseline -0.014 -15"><span class='ocrx_word' id='word_1_6' title='bbox 33 201 240 255; x_wconf 83' lang='lat' dir='ltr'><strong>pertineat.</strong></span> 
     </span>
    </p>
   </div>
   <div class='ocr_carea' id='block_1_3' title="bbox 307 197 1152 250">
    <p class='ocr_par' dir='ltr' id='par_1_3' title="bbox 307 197 1152 250">
     <span class='ocr_line' id='line_1_3' title="bbox 307 197 1152 250; baseline -0.001 -13"><span class='ocrx_word' id='word_1_7' title='bbox 307 198 578 250; x_wconf 80' lang='lat' dir='ltr'><strong>Peripateticis</strong></span> <span class='ocrx_word' id='word_1_8' title='bbox 623 197 886 248; x_wconf 81' lang='lat' dir='ltr'><strong>respondetur</strong></span> <span class='ocrx_word' id='word_1_9' title='bbox 934 210 953 235; x_wconf 86' lang='lat' dir='ltr'><strong>a</strong></span> <span class='ocrx_word' id='word_1_10' title='bbox 999 198 1152 237; x_wconf 87' lang='lat' dir='ltr'><strong>Stoicis.</strong></span> 
     </span>
    </p>
   </div>
   <div class='ocr_carea' id='block_1_4' title="bbox 1222 199 1588 249">
    <p class='ocr_par' dir='ltr' id='par_1_4' title="bbox 1222 199 1588 249">
     <span class='ocr_line' id='line_1_4' title="bbox 1222 199 1588 249; baseline 0.008 -13"><span class='ocrx_word' id='word_1_11' title='bbox 1222 199 1490 249; x_wconf 76' lang='lat' dir='ltr'><strong>Digladientur</strong></span> <span class='ocrx_word' id='word_1_12' title='bbox 1534 200 1588 239; x_wconf 91' lang='lat' dir='ltr'><strong>illi</strong></span> 
     </span>
    </p>
   </div>
   <div class='ocr_carea' id='block_1_5' title="bbox 33 255 1587 311">
    <p class='ocr_par' dir='ltr' id='par_1_5' title="bbox 33 255 1587 311">
     <span class='ocr_line' id='line_1_5' title="bbox 33 255 1587 311; baseline 0.001 -15"><span class='ocrx_word' id='word_1_13' title='bbox 33 270 105 311; x_wconf 90' lang='lat' dir='ltr'><strong>per</strong></span> <span class='ocrx_word' id='word_1_14' title='bbox 137 269 197 295; x_wconf 89' lang='lat' dir='ltr'><strong>me</strong></span> <span class='ocrx_word' id='word_1_15' title='bbox 230 256 337 308; x_wconf 88' lang='lat' dir='ltr'><strong>licet,</strong></span> <span class='ocrx_word' id='word_1_16' title='bbox 379 257 441 294; x_wconf 91' lang='lat' dir='ltr'><strong>cui</strong></span> <span class='ocrx_word' id='word_1_17' title='bbox 480 256 575 294; x_wconf 86' lang='lat' dir='ltr'><strong>nihil</strong></span> <span class='ocrx_word' id='word_1_18' title='bbox 607 261 667 294; x_wconf 89' lang='lat' dir='ltr'><strong>est</strong></span> <span class='ocrx_word' id='word_1_19' title='bbox 698 268 878 306; x_wconf 85' lang='lat' dir='ltr'><strong>necesse,</strong></span> <span class='ocrx_word' id='word_1_20' title='bbox 918 257 991 293; x_wconf 93' lang='lat' dir='ltr'><strong>nisi</strong></span> <span class='ocrx_word' id='word_1_21' title='bbox 1025 255 1092 294; x_wconf 91' lang='lat' dir='ltr'><strong>ubi</strong></span> <span class='ocrx_word' id='word_1_22' title='bbox 1130 258 1179 294; x_wconf 89' lang='lat' dir='ltr'><strong>sit</strong></span> <span class='ocrx_word' id='word_1_23' title='bbox 1219 257 1330 309; x_wconf 87' lang='lat' dir='ltr'><strong>illud,</strong></span> <span class='ocrx_word' id='word_1_24' title='bbox 1370 259 1472 308; x_wconf 91' lang='lat' dir='ltr'><strong>quod</strong></span> <span class='ocrx_word' id='word_1_25' title='bbox 1508 260 1587 297; x_wconf 80' lang='lat' dir='ltr'><strong>veri</strong></span> 
     </span>
    </p>
   </div>
   <div class='ocr_carea' id='block_1_6' title="bbox 15 315 754 366">
    <p class='ocr_par' dir='ltr' id='par_1_6' title="bbox 15 315 754 366">
     <span class='ocr_line' id='line_1_6' title="bbox 15 315 754 366; baseline -0.003 -11"><span class='ocrx_word' id='word_1_26' title='bbox 15 315 273 356; x_wconf 69' lang='lat' dir='ltr'><strong>simillimum</strong></span> <span class='ocrx_word' id='word_1_27' title='bbox 306 315 499 366; x_wconf 84' lang='lat' dir='ltr'><strong>videatur,</strong></span> <span class='ocrx_word' id='word_1_28' title='bbox 533 316 754 365; x_wconf 81' lang='lat' dir='ltr'><strong>anquirere.</strong></span> 
     </span>
    </p>
   </div>
   <div class='ocr_carea' id='block_1_7' title="bbox 818 313 1585 365">
    <p class='ocr_par' dir='ltr' id='par_1_7' title="bbox 818 313 1585 365">
     <span class='ocr_line' id='line_1_7' title="bbox 818 313 1585 365; baseline 0.005 -14"><span class='ocrx_word' id='word_1_29' title='bbox 818 313 918 359; x_wconf 89' lang='lat' dir='ltr'><strong>Quid</strong></span> <span class='ocrx_word' id='word_1_30' title='bbox 952 320 1012 352; x_wconf 82' lang='lat' dir='ltr'><strong>cst</strong></span> <span class='ocrx_word' id='word_1_31' title='bbox 1044 315 1163 365; x_wconf 80' lang='lat' dir='ltr'><strong>igitur</strong></span> <span class='ocrx_word' id='word_1_32' title='bbox 1196 315 1298 364; x_wconf 83' lang='lat' dir='ltr'><strong>quod</strong></span> <span class='ocrx_word' id='word_1_33' title='bbox 1333 323 1514 355; x_wconf 84' lang='lat' dir='ltr'><strong>occurrat</strong></span> <span class='ocrx_word' id='word_1_34' title='bbox 1547 319 1585 355; x_wconf 93' lang='lat' dir='ltr'><strong>in</strong></span> 
     </span>
    </p>
   </div>
   <div class='ocr_carea' id='block_1_8' title="bbox 20 372 1585 424">
    <p class='ocr_par' dir='ltr' id='par_1_8' title="bbox 20 372 1585 424">
     <span class='ocr_line' id='line_1_8' title="bbox 20 372 1585 424; baseline -0.001 -10"><span class='ocrx_word' id='word_1_35' title='bbox 20 373 104 415; x_wconf 84' lang='lat' dir='ltr'><strong>.hac</strong></span> <span class='ocrx_word' id='word_1_36' title='bbox 137 374 383 424; x_wconf 80' lang='lat' dir='ltr'><strong>quaestione,</strong></span> <span class='ocrx_word' id='word_1_37' title='bbox 421 385 441 410; x_wconf 90' lang='lat' dir='ltr'><strong>e</strong></span> <span class='ocrx_word' id='word_1_38' title='bbox 476 385 552 423; x_wconf 86' lang='lat' dir='ltr'><strong>quo</strong></span> <span class='ocrx_word' id='word_1_39' title='bbox 585 374 709 423; x_wconf 83' lang='lat' dir='ltr'><strong>possit</strong></span> <span class='ocrx_word' id='word_1_40' title='bbox 741 374 878 423; x_wconf 84' lang='lat' dir='ltr'><strong>attingi</strong></span> <span class='ocrx_word' id='word_1_41' title='bbox 909 372 1053 422; x_wconf 87' lang='lat' dir='ltr'><strong>aliquid</strong></span> <span class='ocrx_word' id='word_1_42' title='bbox 1088 374 1168 410; x_wconf 89' lang='lat' dir='ltr'><strong>veri</strong></span> <span class='ocrx_word' id='word_1_43' title='bbox 1200 373 1354 410; x_wconf 69' lang='lat' dir='ltr'><strong>simile?</strong></span> <span class='ocrx_word' id='word_1_44' title='bbox 1396 387 1472 423; x_wconf 86' lang='lat' dir='ltr'><strong>quo</strong></span> <span class='ocrx_word' id='word_1_45' title='bbox 1505 375 1585 413; x_wconf 88' lang='lat' dir='ltr'><strong>lon-</strong></span> 
     </span>
    </p>
   </div>
   <div class='ocr_carea' id='block_1_9' title="bbox 0 431 1588 716">
    <p class='ocr_par' dir='ltr' id='par_1_9' title="bbox 0 431 1588 716">
     <span class='ocr_line' id='line_1_9' title="bbox 4 431 988 486; baseline -0.003 -15"><span class='ocrx_word' id='word_1_46' title='bbox 4 433 118 486; x_wconf 44' lang='grc' dir='ltr'><strong>1,ςίιιε</strong></span> <span class='ocrx_word' id='word_1_47' title='bbox 157 443 267 470; x_wconf 89' lang='lat' dir='ltr'><strong>mens</strong></span> <span class='ocrx_word' id='word_1_48' title='bbox 305 431 472 469; x_wconf 83' lang='lat' dir='ltr'><strong>humana</strong></span> <span class='ocrx_word' id='word_1_49' title='bbox 510 431 693 482; x_wconf 83' lang='lat' dir='ltr'><strong>progredi</strong></span> <span class='ocrx_word' id='word_1_50' title='bbox 732 443 808 469; x_wconf 91' lang='lat' dir='ltr'><strong>non</strong></span> <span class='ocrx_word' id='word_1_51' title='bbox 848 435 988 481; x_wconf 89' lang='lat' dir='ltr'><strong>potest.</strong></span> 
     </span>
     <span class='ocr_line' id='line_1_10' title="bbox 33 489 1586 542; baseline -0.001 -13"><span class='ocrx_word' id='word_1_52' title='bbox 33 502 108 542; x_wconf 89' lang='lat' dir='ltr'><strong>qua</strong></span> <span class='ocrx_word' id='word_1_53' title='bbox 147 495 253 529; x_wconf 86' lang='lat' dir='ltr'><strong>recte</strong></span> <span class='ocrx_word' id='word_1_54' title='bbox 293 489 488 528; x_wconf 87' lang='lat' dir='ltr'><strong>Zenonem</strong></span> <span class='ocrx_word' id='word_1_55' title='bbox 529 502 642 528; x_wconf 89' lang='lat' dir='ltr'><strong>usum</strong></span> <span class='ocrx_word' id='word_1_56' title='bbox 680 496 793 540; x_wconf 85' lang='lat' dir='ltr'><strong>puto;</strong></span> <span class='ocrx_word' id='word_1_57' title='bbox 838 490 890 527; x_wconf 85' lang='lat' dir='ltr'><strong>ita</strong></span> <span class='ocrx_word' id='word_1_58' title='bbox 928 490 1031 527; x_wconf 88' lang='lat' dir='ltr'><strong>enim</strong></span> <span class='ocrx_word' id='word_1_59' title='bbox 1071 489 1224 541; x_wconf 75' lang='lat' dir='ltr'><strong>desinit,</strong></span> <span class='ocrx_word' id='word_1_60' title='bbox 1263 496 1305 528; x_wconf 91' lang='lat' dir='ltr'><strong>ut</strong></span> <span class='ocrx_word' id='word_1_61' title='bbox 1342 490 1586 540; x_wconf 79' lang='lat' dir='ltr'><strong>perturbatio</strong></span> 
     </span>
     <span class='ocr_line' id='line_1_11' title="bbox 30 547 1588 600; baseline -0.001 -13"><span class='ocrx_word' id='word_1_62' title='bbox 30 550 82 588; x_wconf 86' lang='lat' dir='ltr'><strong>sit</strong></span> <span class='ocrx_word' id='word_1_63' title='bbox 113 560 246 587; x_wconf 87' lang='lat' dir='ltr'><strong>aversa</strong></span> <span class='ocrx_word' id='word_1_64' title='bbox 279 560 298 586; x_wconf 89' lang='lat' dir='ltr'><strong>a</strong></span> <span class='ocrx_word' id='word_1_65' title='bbox 331 549 480 586; x_wconf 89' lang='lat' dir='ltr'><strong>ratione</strong></span> <span class='ocrx_word' id='word_1_66' title='bbox 520 553 656 586; x_wconf 85' lang='lat' dir='ltr'><strong>contra</strong></span> <span class='ocrx_word' id='word_1_67' title='bbox 699 553 877 586; x_wconf 84' lang='lat' dir='ltr'><strong>naturam</strong></span> <span class='ocrx_word' id='word_1_68' title='bbox 909 548 1027 585; x_wconf 87' lang='lat' dir='ltr'><strong>animi</strong></span> <span class='ocrx_word' id='word_1_69' title='bbox 1061 549 1287 600; x_wconf 81' lang='lat' dir='ltr'><strong>commotio,</strong></span> <span class='ocrx_word' id='word_1_70' title='bbox 1327 547 1385 585; x_wconf 77' lang='lat' dir='ltr'><strong>vel</strong></span> <span class='ocrx_word' id='word_1_71' title='bbox 1417 548 1588 599; x_wconf 88' lang='lat' dir='ltr'><strong>brevius,</strong></span> 
     </span>
     <span class='ocr_line' id='line_1_12' title="bbox 29 605 1587 658; baseline -0.001 -11"><span class='ocrx_word' id='word_1_72' title='bbox 29 612 74 647; x_wconf 89' lang='lat' dir='ltr'><strong>ut</strong></span> <span class='ocrx_word' id='word_1_73' title='bbox 105 605 349 658; x_wconf 86' lang='lat' dir='ltr'><strong>perturbatio</strong></span> <span class='ocrx_word' id='word_1_74' title='bbox 381 608 432 645; x_wconf 87' lang='lat' dir='ltr'><strong>sit</strong></span> <span class='ocrx_word' id='word_1_75' title='bbox 463 606 659 657; x_wconf 90' lang='lat' dir='ltr'><strong>adpetitus</strong></span> <span class='ocrx_word' id='word_1_76' title='bbox 692 605 978 657; x_wconf 81' lang='lat' dir='ltr'><strong>vehementior,</strong></span> <span class='ocrx_word' id='word_1_77' title='bbox 1007 605 1279 644; x_wconf 77' lang='lat' dir='ltr'><strong>&#39;veliementior</strong></span> <span class='ocrx_word' id='word_1_78' title='bbox 1311 612 1442 645; x_wconf 84' lang='lat' dir='ltr'><strong>autem</strong></span> <span class='ocrx_word' id='word_1_79' title='bbox 1475 606 1587 645; x_wconf 84' lang='lat' dir='ltr'><strong>intel-</strong></span> 
     </span>
     <span class='ocr_line' id='line_1_13' title="bbox 0 663 1228 716; baseline -0.001 -12"><span class='ocrx_word' id='word_1_80' title='bbox 0 664 181 716; x_wconf 18' lang='lat' dir='ltr'><strong>*legatur</strong></span> <span class='ocrx_word' id='word_1_81' title='bbox 220 666 271 716; x_wconf 87' lang='lat' dir='ltr'><strong>is,</strong></span> <span class='ocrx_word' id='word_1_82' title='bbox 315 667 379 715; x_wconf 88' lang='lat' dir='ltr'><strong>qui</strong></span> <span class='ocrx_word' id='word_1_83' title='bbox 420 664 556 716; x_wconf 89' lang='lat' dir='ltr'><strong>procul</strong></span> <span class='ocrx_word' id='word_1_84' title='bbox 594 663 694 703; x_wconf 87' lang='lat' dir='ltr'><strong>absit</strong></span> <span class='ocrx_word' id='word_1_85' title='bbox 732 676 751 702; x_wconf 84' lang='lat' dir='ltr'><strong>a</strong></span> <span class='ocrx_word' id='word_1_86' title='bbox 791 670 952 702; x_wconf 85' lang='lat' dir='ltr'><strong>naturae</strong></span> <span class='ocrx_word' id='word_1_87' title='bbox 999 666 1228 703; x_wconf 88' lang='lat' dir='ltr'><strong>constantia.</strong></span> 
     </span>
    </p>
   </div>
   <div class='ocr_carea' id='block_1_10' title="bbox 0 489 6 688">
    <p class='ocr_par' dir='ltr' id='par_1_10' title="bbox 0 489 6 688">
     <span class='ocr_line' id='line_1_14' title="bbox 0 489 6 688; baseline 0 2415"><span class='ocrx_word' id='word_1_88' title='bbox 0 489 6 688; x_wconf 95' lang='lat' dir='ltr'><strong> </strong></span> 
     </span>
    </p>
   </div>
   <div class='ocr_carea' id='block_1_11' title="bbox 1050 430 1588 485">
    <p class='ocr_par' dir='ltr' id='par_1_11' title="bbox 1050 430 1588 485">
     <span class='ocr_line' id='line_1_15' title="bbox 1050 430 1588 485; baseline 0.006 -17"><span class='ocrx_word' id='word_1_89' title='bbox 1050 430 1230 469; x_wconf 82' lang='lat' dir='ltr'><strong>Definitio</strong></span> <span class='ocrx_word' id='word_1_90' title='bbox 1269 431 1588 485; x_wconf 84' lang='lat' dir='ltr'><strong>perturbationis,</strong></span> 
     </span>
    </p>
   </div>
   <div class='ocr_carea' id='block_1_12' title="bbox 0 710 1588 833">
    <p class='ocr_par' dir='ltr' id='par_1_12' title="bbox 0 710 1588 833">
     <span class='ocr_line' id='line_1_16' title="bbox 0 710 1588 775; baseline 0 -13"><span class='ocrx_word' id='word_1_91' title='bbox 0 710 6 755; x_wconf 68' lang='lat' dir='ltr'><strong>l</strong></span> <span class='ocrx_word' id='word_1_92' title='bbox 30 723 277 762; x_wconf 83' lang='lat' dir='ltr'><strong>definitiones</strong></span> <span class='ocrx_word' id='word_1_93' title='bbox 310 725 460 774; x_wconf 89' lang='lat' dir='ltr'><strong>possint</strong></span> <span class='ocrx_word' id='word_1_94' title='bbox 492 720 656 761; x_wconf 74' lang='lat' dir='ltr'><strong>dicere?</strong></span> <span class='ocrx_word' id='word_1_95' title='bbox 717 723 843 773; x_wconf 87' lang='lat' dir='ltr'><strong>Atque</strong></span> <span class='ocrx_word' id='word_1_96' title='bbox 883 722 978 761; x_wconf 88' lang='lat' dir='ltr'><strong>baec</strong></span> <span class='ocrx_word' id='word_1_97' title='bbox 1016 722 1201 773; x_wconf 87' lang='lat' dir='ltr'><strong>pleraque</strong></span> <span class='ocrx_word' id='word_1_98' title='bbox 1241 729 1334 761; x_wconf 90' lang='lat' dir='ltr'><strong>sunt</strong></span> <span class='ocrx_word' id='word_1_99' title='bbox 1371 723 1588 775; x_wconf 90' lang='lat' dir='ltr'><strong>prudenter</strong></span> 
     </span>
     <span class='ocr_line' id='line_1_17' title="bbox 0 779 1587 833; baseline -0.001 -12"><span class='ocrx_word' id='word_1_100' title='bbox 0 787 221 833; x_wconf 56' lang='lat' dir='ltr'><strong>nacuteque</strong></span> <span class='ocrx_word' id='word_1_101' title='bbox 260 781 554 833; x_wconf 77' lang='lat' dir='ltr'><strong>disserentium3</strong></span> <span class='ocrx_word' id='word_1_102' title='bbox 592 780 655 819; x_wconf 90' lang='lat' dir='ltr'><strong>illa</strong></span> <span class='ocrx_word' id='word_1_103' title='bbox 694 781 850 832; x_wconf 91' lang='lat' dir='ltr'><strong>quidem</strong></span> <span class='ocrx_word' id='word_1_104' title='bbox 892 793 937 818; x_wconf 86' lang='lat' dir='ltr'><strong>ex</strong></span> <span class='ocrx_word' id='word_1_105' title='bbox 976 781 1179 820; x_wconf 88' lang='lat' dir='ltr'><strong>rhetorum</strong></span> <span class='ocrx_word' id='word_1_106' title='bbox 1212 794 1371 833; x_wconf 88' lang='lat' dir='ltr'><strong>pompa,</strong></span> <span class='ocrx_word' id='word_1_107' title='bbox 1411 779 1587 820; x_wconf 66' lang='lat' dir='ltr'><strong>‘ardores</strong></span> 
     </span>
    </p>
   </div>
   <div class='ocr_carea' id='block_1_13' title="bbox 29 836 717 890">
    <p class='ocr_par' dir='ltr' id='par_1_13' title="bbox 29 836 717 890">
     <span class='ocr_line' id='line_1_18' title="bbox 29 836 717 890; baseline -0.001 -11"><span class='ocrx_word' id='word_1_108' title='bbox 29 841 248 880; x_wconf 83' lang='lat' dir='ltr'><strong>animorum</strong></span> <span class='ocrx_word' id='word_1_109' title='bbox 281 845 466 890; x_wconf 85' lang='lat' dir='ltr'><strong>cotesque</strong></span> <span class='ocrx_word' id='word_1_110' title='bbox 503 836 717 878; x_wconf 79' lang='lat' dir='ltr'><strong>virtutum&#39;.</strong></span> 
     </span>
    </p>
   </div>
   <div class='ocr_carea' id='block_1_14' title="bbox 0 829 7 972">
    <p class='ocr_par' dir='ltr' id='par_1_14' title="bbox 0 829 7 972">
     <span class='ocr_line' id='line_1_19' title="bbox 0 829 7 972; baseline 0 2131"><span class='ocrx_word' id='word_1_111' title='bbox 0 829 7 972; x_wconf 95' lang='lat' dir='ltr'><strong> </strong></span> 
     </span>
    </p>
   </div>
   <div class='ocr_carea' id='block_1_15' title="bbox 0 840 1588 1008">
    <p class='ocr_par' dir='ltr' id='par_1_15' title="bbox 0 840 1588 1008">
     <span class='ocr_line' id='line_1_20' title="bbox 780 840 1588 891; baseline 0.002 -14"><span class='ocrx_word' id='word_1_112' title='bbox 780 840 838 877; x_wconf 82' lang='lat' dir='ltr'><strong>An</strong></span> <span class='ocrx_word' id='word_1_113' title='bbox 871 851 963 877; x_wconf 78' lang='lat' dir='ltr'><strong>vero</strong></span> <span class='ocrx_word' id='word_1_114' title='bbox 996 841 1054 878; x_wconf 86' lang='lat' dir='ltr'><strong>vir</strong></span> <span class='ocrx_word' id='word_1_115' title='bbox 1086 840 1210 891; x_wconf 81' lang='lat' dir='ltr'><strong>sortis,</strong></span> <span class='ocrx_word' id='word_1_116' title='bbox 1246 842 1321 878; x_wconf 89' lang='lat' dir='ltr'><strong>nisi</strong></span> <span class='ocrx_word' id='word_1_117' title='bbox 1353 840 1588 879; x_wconf 85' lang='lat' dir='ltr'><strong>stomachari</strong></span> 
     </span>
     <span class='ocr_line' id='line_1_21' title="bbox 30 895 1587 950; baseline 0.001 -14"><span class='ocrx_word' id='word_1_118' title='bbox 30 899 170 950; x_wconf 69' lang='lat' dir='ltr'><strong>eoepit,</strong></span> <span class='ocrx_word' id='word_1_119' title='bbox 203 910 280 936; x_wconf 92' lang='lat' dir='ltr'><strong>non</strong></span> <span class='ocrx_word' id='word_1_120' title='bbox 312 903 442 949; x_wconf 90' lang='lat' dir='ltr'><strong>potest</strong></span> <span class='ocrx_word' id='word_1_121' title='bbox 469 898 581 936; x_wconf 86' lang='lat' dir='ltr'><strong>fortis</strong></span> <span class='ocrx_word' id='word_1_122' title='bbox 608 895 724 936; x_wconf 75' lang='lat' dir='ltr'><strong>esse?</strong></span> <span class='ocrx_word' id='word_1_123' title='bbox 771 897 1050 937; x_wconf 84' lang='lat' dir='ltr'><strong>Gladiatorium</strong></span> <span class='ocrx_word' id='word_1_124' title='bbox 1078 898 1116 936; x_wconf 93' lang='lat' dir='ltr'><strong>id</strong></span> <span class='ocrx_word' id='word_1_125' title='bbox 1143 898 1318 950; x_wconf 81' lang='lat' dir='ltr'><strong>quidem3</strong></span> <span class='ocrx_word' id='word_1_126' title='bbox 1352 911 1587 950; x_wconf 88' lang='lat' dir='ltr'><strong>quamquam</strong></span> 
     </span>
     <span class='ocr_line' id='line_1_22' title="bbox 0 956 949 1008; baseline 0 -13"><span class='ocrx_word' id='word_1_127' title='bbox 0 957 68 996; x_wconf 62' lang='lat' dir='ltr'><strong>lin</strong></span> <span class='ocrx_word' id='word_1_128' title='bbox 100 957 156 995; x_wconf 88' lang='lat' dir='ltr'><strong>eis</strong></span> <span class='ocrx_word' id='word_1_129' title='bbox 189 958 284 1007; x_wconf 88' lang='lat' dir='ltr'><strong>ipsis</strong></span> <span class='ocrx_word' id='word_1_130' title='bbox 316 956 493 995; x_wconf 81' lang='lat' dir='ltr'><strong>videmus</strong></span> <span class='ocrx_word' id='word_1_131' title='bbox 526 968 640 1008; x_wconf 87' lang='lat' dir='ltr'><strong>saepe</strong></span> <span class='ocrx_word' id='word_1_132' title='bbox 674 958 949 995; x_wconf 86' lang='lat' dir='ltr'><strong>constantiam:</strong></span> 
     </span>
    </p>
   </div>
   <div class='ocr_carea' id='block_1_16' title="bbox 0 1000 1588 1178">
    <p class='ocr_par' dir='ltr' id='par_1_16' title="bbox 0 1000 1588 1178">
     <span class='ocr_line' id='line_1_23' title="bbox 0 1000 1480 1076; baseline -0.001 -10"><span class='ocrx_word' id='word_1_133' title='bbox 0 1000 3 1066; x_wconf 78' lang='lat' dir='ltr'><strong>l</strong></span> <span class='ocrx_word' id='word_1_134' title='bbox 30 1044 33 1047; x_wconf 59' lang='lat'><strong><em>¹</em></strong></span> <span class='ocrx_word' id='word_1_135' title='bbox 139 1027 422 1074; x_wconf 72' lang='lat' dir='ltr'><strong>Conlocunlur,</strong></span> <span class='ocrx_word' id='word_1_136' title='bbox 456 1027 792 1075; x_wconf 72' lang='lat' dir='ltr'><strong>cdnyrediunlur,</strong></span> <span class='ocrx_word' id='word_1_137' title='bbox 824 1026 1026 1075; x_wconf 66' lang='lat' dir='ltr'><strong>quaerunt</strong></span> <span class='ocrx_word' id='word_1_138' title='bbox 1059 1029 1230 1075; x_wconf 80' lang='lat' dir='ltr'><strong>aliquid,</strong></span> <span class='ocrx_word' id='word_1_139' title='bbox 1259 1028 1480 1076; x_wconf 66' lang='lat' dir='ltr'><strong>postulans,</strong></span> 
     </span>
     <span class='ocr_line' id='line_1_24' title="bbox 0 1096 1588 1178; baseline 0 -42"><span class='ocrx_word' id='word_1_140' title='bbox 0 1097 74 1178; x_wconf 67' lang='lat' dir='ltr'><strong>lm</strong></span> <span class='ocrx_word' id='word_1_141' title='bbox 104 1098 226 1147; x_wconf 85' lang='lat' dir='ltr'><strong>magis</strong></span> <span class='ocrx_word' id='word_1_142' title='bbox 258 1096 398 1147; x_wconf 87' lang='lat' dir='ltr'><strong>placati</strong></span> <span class='ocrx_word' id='word_1_143' title='bbox 431 1109 546 1147; x_wconf 87' lang='lat' dir='ltr'><strong>quam</strong></span> <span class='ocrx_word' id='word_1_144' title='bbox 579 1098 669 1134; x_wconf 83' lang='lat' dir='ltr'><strong>irati</strong></span> <span class='ocrx_word' id='word_1_145' title='bbox 702 1109 787 1135; x_wconf 88' lang='lat' dir='ltr'><strong>esse</strong></span> <span class='ocrx_word' id='word_1_146' title='bbox 820 1096 1035 1135; x_wconf 85' lang='lat' dir='ltr'><strong>videantur.</strong></span> <span class='ocrx_word' id='word_1_147' title='bbox 1094 1097 1170 1135; x_wconf 88' lang='lat' dir='ltr'><strong>Sed</strong></span> <span class='ocrx_word' id='word_1_148' title='bbox 1204 1099 1243 1135; x_wconf 93' lang='lat' dir='ltr'><strong>in</strong></span> <span class='ocrx_word' id='word_1_149' title='bbox 1276 1097 1339 1135; x_wconf 91' lang='lat' dir='ltr'><strong>illo</strong></span> <span class='ocrx_word' id='word_1_150' title='bbox 1366 1110 1509 1148; x_wconf 84' lang='lat' dir='ltr'><strong>genere</strong></span> <span class='ocrx_word' id='word_1_151' title='bbox 1538 1099 1588 1136; x_wconf 88' lang='lat' dir='ltr'><strong>sit</strong></span> 
     </span>
    </p>
   </div>
   <div class='ocr_carea' id='block_1_17' title="bbox 0 1186 4 1380">
    <p class='ocr_par' dir='ltr' id='par_1_17' title="bbox 0 1186 4 1380">
     <span class='ocr_line' id='line_1_25' title="bbox 0 1186 4 1380; baseline 0 0"><span class='ocrx_word' id='word_1_152' title='bbox 0 1186 4 1380; x_wconf 95' lang='lat' dir='ltr'><strong> </strong></span> 
     </span>
    </p>
   </div>
   <div class='ocr_carea' id='block_1_18' title="bbox 8 1431 775 2880">
    <p class='ocr_par' dir='ltr' id='par_1_18' title="bbox 8 1431 774 2090">
     <span class='ocr_line' id='line_1_26' title="bbox 47 1431 773 1477; baseline -0.001 -10"><span class='ocrx_word' id='word_1_153' title='bbox 47 1449 51 1452; x_wconf 89' lang='lat'><strong>·</strong></span> <span class='ocrx_word' id='word_1_154' title='bbox 70 1432 202 1476; x_wconf 77' lang='lat' dir='ltr'><strong>plane,</strong></span> <span class='ocrx_word' id='word_1_155' title='bbox 242 1431 525 1477; x_wconf 75' lang='lat' dir='ltr'><strong>‘schlechtweg‚</strong></span> <span class='ocrx_word' id='word_1_156' title='bbox 559 1432 654 1466; x_wconf 88' lang='lat' dir='ltr'><strong>ohne</strong></span> <span class='ocrx_word' id='word_1_157' title='bbox 687 1432 773 1466; x_wconf 89' lang='lat' dir='ltr'><strong>wei-</strong></span> 
     </span>
     <span class='ocr_line' id='line_1_27' title="bbox 27 1476 773 1515; baseline -0.003 -1"><span class='ocrx_word' id='word_1_158' title='bbox 27 1480 106 1515; x_wconf 72' lang='lat' dir='ltr'><strong>tere</strong></span> <span class='ocrx_word' id='word_1_159' title='bbox 152 1476 428 1513; x_wconf 85' lang='lat' dir='ltr'><strong>Umschweife&#39;.</strong></span> <span class='ocrx_word' id='word_1_160' title='bbox 485 1478 532 1512; x_wconf 85' lang='lat' dir='ltr'><strong>ad</strong></span> <span class='ocrx_word' id='word_1_161' title='bbox 569 1479 646 1513; x_wconf 75' lang='lat' dir='ltr'><strong>Att.</strong></span> <span class='ocrx_word' id='word_1_162' title='bbox 686 1478 773 1513; x_wconf 88' lang='lat' dir='ltr'><strong>VIII</strong></span> 
     </span>
     <span class='ocr_line' id='line_1_28' title="bbox 31 1526 774 1571; baseline -0.001 -10"><span class='ocrx_word' id='word_1_163' title='bbox 31 1530 86 1571; x_wconf 81' lang='lat'><strong>12,</strong></span> <span class='ocrx_word' id='word_1_164' title='bbox 113 1529 133 1560; x_wconf 94' lang='lat'><strong>3</strong></span> <span class='ocrx_word' id='word_1_165' title='bbox 161 1528 193 1560; x_wconf 80' lang='lat' dir='ltr'><strong>et</strong></span> <span class='ocrx_word' id='word_1_166' title='bbox 213 1526 327 1569; x_wconf 83' lang='lat' dir='ltr'><strong>plane</strong></span> <span class='ocrx_word' id='word_1_167' title='bbox 351 1526 440 1569; x_wconf 81' lang='lat' dir='ltr'><strong>quid</strong></span> <span class='ocrx_word' id='word_1_168' title='bbox 470 1529 603 1559; x_wconf 79' lang='lat' dir='ltr'><strong>rectum</strong></span> <span class='ocrx_word' id='word_1_169' title='bbox 628 1529 660 1560; x_wconf 85' lang='lat' dir='ltr'><strong>et</strong></span> <span class='ocrx_word' id='word_1_170' title='bbox 685 1527 774 1570; x_wconf 76' lang='lat' dir='ltr'><strong>quid</strong></span> 
     </span>
     <span class='ocr_line' id='line_1_29' title="bbox 27 1572 773 1617; baseline -0.001 -9"><span class='ocrx_word' id='word_1_171' title='bbox 27 1573 238 1617; x_wconf 79' lang='lat' dir='ltr'><strong>faciendum</strong></span> <span class='ocrx_word' id='word_1_172' title='bbox 263 1572 352 1606; x_wconf 82' lang='lat' dir='ltr'><strong>mihi</strong></span> <span class='ocrx_word' id='word_1_173' title='bbox 376 1575 480 1613; x_wconf 86' lang='lat' dir='ltr'><strong>esset,</strong></span> <span class='ocrx_word' id='word_1_174' title='bbox 513 1573 654 1607; x_wconf 81' lang='lat' dir='ltr'><strong>diutius</strong></span> <span class='ocrx_word' id='word_1_175' title='bbox 679 1574 773 1617; x_wconf 73' lang='lat' dir='ltr'><strong>cogJi-</strong></span> 
     </span>
     <span class='ocr_line' id='line_1_30' title="bbox 27 1618 774 1664; baseline -0.003 -8"><span class='ocrx_word' id='word_1_176' title='bbox 27 1623 107 1656; x_wconf 74' lang='lat' dir='ltr'><strong>tare</strong></span> <span class='ocrx_word' id='word_1_177' title='bbox 139 1619 265 1654; x_wconf 84' lang='lat' dir='ltr'><strong>malui.</strong></span> <span class='ocrx_word' id='word_1_178' title='bbox 315 1619 368 1653; x_wconf 90' lang='lat' dir='ltr'><strong>Ib.</strong></span> <span class='ocrx_word' id='word_1_179' title='bbox 395 1618 429 1652; x_wconf 86' lang='lat' dir='ltr'><strong>II</strong></span> <span class='ocrx_word' id='word_1_180' title='bbox 460 1622 523 1662; x_wconf 82' lang='lat'><strong>24,</strong></span> <span class='ocrx_word' id='word_1_181' title='bbox 555 1623 575 1653; x_wconf 84' lang='lat'>5</span> <span class='ocrx_word' id='word_1_182' title='bbox 615 1623 646 1654; x_wconf 87' lang='lat' dir='ltr'><strong>te</strong></span> <span class='ocrx_word' id='word_1_183' title='bbox 676 1630 774 1664; x_wconf 77' lang='lat' dir='ltr'><strong>royo,</strong></span> 
     </span>
     <span class='ocr_line' id='line_1_31' title="bbox 28 1666 772 1710; baseline -0.003 -8"><span class='ocrx_word' id='word_1_184' title='bbox 28 1670 70 1702; x_wconf 80' lang='lat' dir='ltr'><strong>ut</strong></span> <span class='ocrx_word' id='word_1_185' title='bbox 95 1666 210 1710; x_wconf 78' lang='lat' dir='ltr'><strong>plane</strong></span> <span class='ocrx_word' id='word_1_186' title='bbox 243 1666 291 1700; x_wconf 78' lang='lat' dir='ltr'><strong>ad</strong></span> <span class='ocrx_word' id='word_1_187' title='bbox 315 1676 380 1700; x_wconf 82' lang='lat' dir='ltr'><strong>uos</strong></span> <span class='ocrx_word' id='word_1_188' title='bbox 406 1666 557 1700; x_wconf 74' lang='lat' dir='ltr'><strong>advoles.</strong></span> <span class='ocrx_word' id='word_1_189' title='bbox 610 1666 663 1700; x_wconf 89' lang='lat' dir='ltr'><strong>Im</strong></span> <span class='ocrx_word' id='word_1_190' title='bbox 690 1666 772 1701; x_wconf 85' lang='lat' dir='ltr'><strong>Fol—</strong></span> 
     </span>
     <span class='ocr_line' id='line_1_32' title="bbox 29 1712 773 1758; baseline -0.003 -10"><span class='ocrx_word' id='word_1_191' title='bbox 29 1713 174 1758; x_wconf 86' lang='lat' dir='ltr'><strong>genden</strong></span> <span class='ocrx_word' id='word_1_192' title='bbox 200 1712 343 1747; x_wconf 86' lang='lat' dir='ltr'><strong>scheint</strong></span> <span class='ocrx_word' id='word_1_193' title='bbox 369 1723 434 1747; x_wconf 83' lang='lat' dir='ltr'><strong>vor</strong></span> <span class='ocrx_word' id='word_1_194' title='bbox 454 1713 688 1756; x_wconf 79' lang='lat' dir='ltr'><strong>respondetur</strong></span> <span class='ocrx_word' id='word_1_195' title='bbox 713 1712 773 1748; x_wconf 90' lang='lat' dir='ltr'><strong>ein</strong></span> 
     </span>
     <span class='ocr_line' id='line_1_33' title="bbox 29 1758 774 1804; baseline 0 -9"><span class='ocrx_word' id='word_1_196' title='bbox 29 1760 137 1795; x_wconf 77' lang='lat' dir='ltr'><strong>Wort</strong></span> <span class='ocrx_word' id='word_1_197' title='bbox 180 1758 411 1804; x_wconf 80' lang='lat' dir='ltr'><strong>ausgefallen</strong></span> <span class='ocrx_word' id='word_1_198' title='bbox 455 1771 498 1793; x_wconf 92' lang='lat' dir='ltr'><strong>zu</strong></span> <span class='ocrx_word' id='word_1_199' title='bbox 536 1759 632 1803; x_wconf 81' lang='lat' dir='ltr'><strong>sein,</strong></span> <span class='ocrx_word' id='word_1_200' title='bbox 678 1762 774 1795; x_wconf 75' lang='lat' dir='ltr'><strong>etwa</strong></span> 
     </span>
     <span class='ocr_line' id='line_1_34' title="bbox 8 1806 773 1848; baseline -0.001 -6"><span class='ocrx_word' id='word_1_201' title='bbox 8 1840 10 1842; x_wconf 78' lang='grc'>,</span> <span class='ocrx_word' id='word_1_202' title='bbox 29 1808 164 1842; x_wconf 80' lang='lat' dir='ltr'><strong>acriter</strong></span> <span class='ocrx_word' id='word_1_203' title='bbox 189 1806 280 1841; x_wconf 88' lang='lat' dir='ltr'><strong>oder</strong></span> <span class='ocrx_word' id='word_1_204' title='bbox 298 1807 440 1848; x_wconf 84' lang='lat' dir='ltr'><strong>acerbe,·</strong></span> <span class='ocrx_word' id='word_1_205' title='bbox 466 1806 563 1841; x_wconf 89' lang='lat' dir='ltr'><strong>denn</strong></span> <span class='ocrx_word' id='word_1_206' title='bbox 583 1806 647 1841; x_wconf 86' lang='lat' dir='ltr'><strong>der</strong></span> <span class='ocrx_word' id='word_1_207' title='bbox 666 1807 773 1841; x_wconf 81' lang='lat' dir='ltr'><strong>riick-</strong></span> 
     </span>
     <span class='ocr_line' id='line_1_35' title="bbox 28 1853 772 1898; baseline -0.001 -9"><span class='ocrx_word' id='word_1_208' title='bbox 28 1853 272 1889; x_wconf 75' lang='lat' dir='ltr'><strong>eichtsvollen</strong></span> <span class='ocrx_word' id='word_1_209' title='bbox 303 1853 550 1898; x_wconf 81' lang='lat' dir='ltr'><strong>Behandlung</strong></span> <span class='ocrx_word' id='word_1_210' title='bbox 581 1854 645 1888; x_wconf 83' lang='lat' dir='ltr'><strong>der</strong></span> <span class='ocrx_word' id='word_1_211' title='bbox 678 1853 772 1898; x_wconf 87' lang='lat' dir='ltr'><strong>Geg—</strong></span> 
     </span>
     <span class='ocr_line' id='line_1_36' title="bbox 18 1899 773 1944; baseline -0.004 -7"><span class='ocrx_word' id='word_1_212' title='bbox 18 1911 112 1944; x_wconf 65' lang='lat' dir='ltr'><strong>=·ner,</strong></span> <span class='ocrx_word' id='word_1_213' title='bbox 144 1899 215 1935; x_wconf 84' lang='lat' dir='ltr'><strong>wie</strong></span> <span class='ocrx_word' id='word_1_214' title='bbox 248 1899 300 1934; x_wconf 82' lang='lat' dir='ltr'><strong>sie</strong></span> <span class='ocrx_word' id='word_1_215' title='bbox 332 1899 390 1934; x_wconf 84' lang='lat' dir='ltr'><strong>die</strong></span> <span class='ocrx_word' id='word_1_216' title='bbox 422 1900 674 1934; x_wconf 83' lang='lat' dir='ltr'><strong>Akademiker</strong></span> <span class='ocrx_word' id='word_1_217' title='bbox 710 1912 773 1935; x_wconf 84' lang='lat' dir='ltr'><strong>an-</strong></span> 
     </span>
     <span class='ocr_line' id='line_1_37' title="bbox 8 1946 774 1991; baseline 0 -9"><span class='ocrx_word' id='word_1_218' title='bbox 8 1946 215 1991; x_wconf 56' lang='lat' dir='ltr'><strong>&#39;&#39;wandtem</strong></span> <span class='ocrx_word' id='word_1_219' title='bbox 233 1947 325 1981; x_wconf 83' lang='lat' dir='ltr'><strong>wird</strong></span> <span class='ocrx_word' id='word_1_220' title='bbox 345 1946 409 1981; x_wconf 89' lang='lat' dir='ltr'><strong>der</strong></span> <span class='ocrx_word' id='word_1_221' title='bbox 428 1946 774 1982; x_wconf 79' lang='lat' dir='ltr'><strong>Ieidenschaftliche</strong></span> 
     </span>
     <span class='ocr_line' id='line_1_38' title="bbox 10 1993 772 2038; baseline -0.001 -9"><span class='ocrx_word' id='word_1_222' title='bbox 10 1993 150 2029; x_wconf 77' lang='lat' dir='ltr'><strong>=Streit</strong></span> <span class='ocrx_word' id='word_1_223' title='bbox 174 1993 358 2028; x_wconf 83' lang='lat' dir='ltr'><strong>zwischen</strong></span> <span class='ocrx_word' id='word_1_224' title='bbox 378 1993 676 2038; x_wconf 76' lang='lat' dir='ltr'><strong>Peripatetikern</strong></span> <span class='ocrx_word' id='word_1_225' title='bbox 697 1994 772 2028; x_wconf 86' lang='lat' dir='ltr'><strong>und</strong></span> 
     </span>
     <span class='ocr_line' id='line_1_39' title="bbox 8 2039 629 2090; baseline -0.005 -13"><span class='ocrx_word' id='word_1_226' title='bbox 8 2039 203 2090; x_wconf 47' lang='lat' dir='ltr'><strong>:Stoikern</strong></span> <span class='ocrx_word' id='word_1_227' title='bbox 229 2040 443 2086; x_wconf 84' lang='lat' dir='ltr'><strong>gegeniiber</strong></span> <span class='ocrx_word' id='word_1_228' title='bbox 467 2041 629 2085; x_wconf 74' lang='lat' dir='ltr'><strong>gestent.</strong></span> 
     </span>
    </p>

    <p class='ocr_par' dir='ltr' id='par_1_19' title="bbox 8 2087 773 2229">
     <span class='ocr_line' id='line_1_40' title="bbox 75 2087 767 2133; baseline 0 -11"><span class='ocrx_word' id='word_1_229' title='bbox 75 2099 93 2122; x_wconf 89' lang='lat' dir='ltr'><strong>e</strong></span> <span class='ocrx_word' id='word_1_230' title='bbox 116 2098 204 2133; x_wconf 79' lang='lat' dir='ltr'><strong>quo,</strong></span> <span class='ocrx_word' id='word_1_231' title='bbox 237 2087 271 2122; x_wconf 87' lang='lat' dir='ltr'><strong>d.</strong></span> <span class='ocrx_word' id='word_1_232' title='bbox 298 2087 321 2121; x_wconf 83' lang='lat' dir='ltr'><strong>i.</strong></span> <span class='ocrx_word' id='word_1_233' title='bbox 355 2099 372 2121; x_wconf 89' lang='lat' dir='ltr'><strong>e</strong></span> <span class='ocrx_word' id='word_1_234' title='bbox 402 2098 471 2132; x_wconf 76' lang='lat' dir='ltr'><strong>quo</strong></span> <span class='ocrx_word' id='word_1_235' title='bbox 500 2089 664 2131; x_wconf 78' lang='lat' dir='ltr'><strong>profecta</strong></span> <span class='ocrx_word' id='word_1_236' title='bbox 696 2088 767 2123; x_wconf 84' lang='lat' dir='ltr'><strong>dis-</strong></span> 
     </span>
     <span class='ocr_line' id='line_1_41' title="bbox 15 2135 773 2180; baseline 0.001 -11"><span class='ocrx_word' id='word_1_237' title='bbox 15 2135 174 2180; x_wconf 75' lang='lat' dir='ltr'><strong>-·31outatio</strong></span> <span class='ocrx_word' id='word_1_238' title='bbox 199 2135 248 2169; x_wconf 86' lang='lat' dir='ltr'><strong>ad</strong></span> <span class='ocrx_word' id='word_1_239' title='bbox 272 2135 348 2169; x_wconf 84' lang='lat' dir='ltr'><strong>veri</strong></span> <span class='ocrx_word' id='word_1_240' title='bbox 366 2135 641 2170; x_wconf 80' lang='lat' dir='ltr'><strong>similitudinem</strong></span> <span class='ocrx_word' id='word_1_241' title='bbox 655 2136 773 2179; x_wconf 73' lang='lat' dir='ltr'><strong>possit</strong></span> 
     </span>
     <span class='ocr_line' id='line_1_42' title="bbox 8 2182 272 2229; baseline -0.004 -13"><span class='ocrx_word' id='word_1_242' title='bbox 8 2182 219 2229; x_wconf 63' lang='lat' dir='ltr'><strong>[pervenire.</strong></span> <span class='ocrx_word' id='word_1_243' title='bbox 254 2218 272 2226; x_wconf 45' lang='lat'><strong>,-</strong></span> 
     </span>
    </p>

    <p class='ocr_par' dir='ltr' id='par_1_20' title="bbox 16 2227 772 2319">
     <span class='ocr_line' id='line_1_43' title="bbox 24 2227 772 2273; baseline 0 -10"><span class='ocrx_word' id='word_1_244' title='bbox 24 2242 34 2254; x_wconf 57' lang='lat'><em>³</em></span> <span class='ocrx_word' id='word_1_245' title='bbox 75 2229 223 2271; x_wconf 71' lang='lat' dir='ltr'><strong>definit:</strong></span> <span class='ocrx_word' id='word_1_246' title='bbox 248 2227 348 2262; x_wconf 89' lang='lat' dir='ltr'><strong>Uber</strong></span> <span class='ocrx_word' id='word_1_247' title='bbox 373 2227 432 2262; x_wconf 85' lang='lat' dir='ltr'><strong>die</strong></span> <span class='ocrx_word' id='word_1_248' title='bbox 457 2227 660 2263; x_wconf 75' lang='lat' dir='ltr'><strong>Definition</strong></span> <span class='ocrx_word' id='word_1_249' title='bbox 686 2240 712 2263; x_wconf 90' lang='lat' dir='ltr'><strong>s.</strong></span> <span class='ocrx_word' id='word_1_250' title='bbox 740 2232 772 2273; x_wconf 81' lang='lat'><strong>6,</strong></span> 
     </span>
     <span class='ocr_line' id='line_1_44' title="bbox 16 2274 319 2319; baseline -0.003 -10"><span class='ocrx_word' id='word_1_251' title='bbox 16 2276 72 2319; x_wconf 7' lang='lat' dir='ltr'><strong>&#39;qil</strong></span> <span class='ocrx_word' id='word_1_252' title='bbox 100 2274 176 2309; x_wconf 91' lang='lat' dir='ltr'><strong>und</strong></span> <span class='ocrx_word' id='word_1_253' title='bbox 202 2278 233 2317; x_wconf 88' lang='lat'><strong>9,</strong></span> <span class='ocrx_word' id='word_1_254' title='bbox 263 2277 319 2308; x_wconf 82' lang='lat'><strong>22.</strong></span> 
     </span>
    </p>

    <p class='ocr_par' dir='ltr' id='par_1_21' title="bbox 19 2320 774 2403">
     <span class='ocr_line' id='line_1_45' title="bbox 19 2320 774 2367; baseline 0 -11"><span class='ocrx_word' id='word_1_255' title='bbox 19 2323 37 2350; x_wconf 26' lang='lat'><strong>²*</strong></span> <span class='ocrx_word' id='word_1_256' title='bbox 76 2325 133 2357; x_wconf 82' lang='lat'><strong>48.</strong></span> <span class='ocrx_word' id='word_1_257' title='bbox 155 2322 318 2366; x_wconf 78' lang='lat' dir='ltr'><strong>possint:</strong></span> <span class='ocrx_word' id='word_1_258' title='bbox 349 2320 513 2355; x_wconf 60' lang='lat' dir='ltr'><strong>namhch</strong></span> <span class='ocrx_word' id='word_1_259' title='bbox 540 2321 598 2356; x_wconf 89' lang='lat' dir='ltr'><strong>die</strong></span> <span class='ocrx_word' id='word_1_260' title='bbox 624 2321 774 2367; x_wconf 80' lang='lat' dir='ltr'><strong>Peripa-</strong></span> 
     </span>
     <span class='ocr_line' id='line_1_46' title="bbox 28 2368 177 2403; baseline -0.007 0"><span class='ocrx_word' id='word_1_261' title='bbox 28 2368 177 2403; x_wconf 79' lang='lat' dir='ltr'><strong>tetiker.</strong></span> 
     </span>
    </p>

    <p class='ocr_par' dir='ltr' id='par_1_22' title="bbox 9 2414 775 2880">
     <span class='ocr_line' id='line_1_47' title="bbox 10 2414 775 2459; baseline 0 -9"><span class='ocrx_word' id='word_1_262' title='bbox 10 2429 12 2431; x_wconf 48' lang='lat'>&gt;</span> <span class='ocrx_word' id='word_1_263' title='bbox 34 2444 38 2452; x_wconf 91' lang='lat'>.</span> <span class='ocrx_word' id='word_1_264' title='bbox 75 2415 162 2450; x_wconf 74' lang='lat' dir='ltr'><strong>haec</strong></span> <span class='ocrx_word' id='word_1_265' title='bbox 181 2415 373 2459; x_wconf 73' lang='lat' dir='ltr'><strong>pleraque,</strong></span> <span class='ocrx_word' id='word_1_266' title='bbox 400 2414 458 2448; x_wconf 88' lang='lat' dir='ltr'><strong>die</strong></span> <span class='ocrx_word' id='word_1_267' title='bbox 478 2415 636 2449; x_wconf 81' lang='lat' dir='ltr'><strong>meisten</strong></span> <span class='ocrx_word' id='word_1_268' title='bbox 656 2415 775 2450; x_wconf 83' lang='lat' dir='ltr'><strong>dieser</strong></span> 
     </span>
     <span class='ocr_line' id='line_1_48' title="bbox 11 2461 773 2497; baseline 0 -1"><span class='ocrx_word' id='word_1_269' title='bbox 11 2461 219 2497; x_wconf 45' lang='lat' dir='ltr'><strong>astoisohen</strong></span> <span class='ocrx_word' id='word_1_270' title='bbox 234 2461 481 2496; x_wconf 80' lang='lat' dir='ltr'><strong>Definitionen</strong></span> <span class='ocrx_word' id='word_1_271' title='bbox 507 2462 582 2496; x_wconf 84' lang='lat' dir='ltr'><strong>und</strong></span> <span class='ocrx_word' id='word_1_272' title='bbox 601 2462 773 2497; x_wconf 86' lang='lat' dir='ltr'><strong>Beweise.</strong></span> 
     </span>
     <span class='ocr_line' id='line_1_49' title="bbox 15 2507 774 2554; baseline 0 -10"><span class='ocrx_word' id='word_1_273' title='bbox 15 2507 208 2554; x_wconf 77' lang='lat' dir='ltr'><strong>‘Dagegen</strong></span> <span class='ocrx_word' id='word_1_274' title='bbox 243 2508 314 2542; x_wconf 87' lang='lat' dir='ltr'><strong>den</strong></span> <span class='ocrx_word' id='word_1_275' title='bbox 352 2509 524 2552; x_wconf 61' lang='lat' dir='ltr'><strong>spateren</strong></span> <span class='ocrx_word' id='word_1_276' title='bbox 554 2508 774 2553; x_wconf 75' lang='lat' dir='ltr'><strong>Peripateti-</strong></span> 
     </span>
     <span class='ocr_line' id='line_1_50' title="bbox 29 2553 771 2598; baseline 0 -7"><span class='ocrx_word' id='word_1_277' title='bbox 29 2553 123 2591; x_wconf 81' lang='lat' dir='ltr'><strong>kern</strong></span> <span class='ocrx_word' id='word_1_278' title='bbox 146 2555 246 2590; x_wconf 76' lang='lat' dir='ltr'><strong>wirft</strong></span> <span class='ocrx_word' id='word_1_279' title='bbox 271 2555 344 2590; x_wconf 85' lang='lat' dir='ltr'><strong>Cic.</strong></span> <span class='ocrx_word' id='word_1_280' title='bbox 371 2555 467 2589; x_wconf 83' lang='lat' dir='ltr'><strong>auch</strong></span> <span class='ocrx_word' id='word_1_281' title='bbox 493 2556 538 2590; x_wconf 90' lang='lat' dir='ltr'><strong>de</strong></span> <span class='ocrx_word' id='word_1_282' title='bbox 563 2555 623 2591; x_wconf 88' lang='lat' dir='ltr'><strong>fin.</strong></span> <span class='ocrx_word' id='word_1_283' title='bbox 644 2555 696 2590; x_wconf 89' lang='lat' dir='ltr'><strong>III</strong></span> <span class='ocrx_word' id='word_1_284' title='bbox 719 2561 771 2598; x_wconf 76' lang='lat'><strong>12,</strong></span> 
     </span>
     <span class='ocr_line' id='line_1_51' title="bbox 13 2602 775 2646; baseline -0.001 -9"><span class='ocrx_word' id='word_1_285' title='bbox 13 2605 74 2646; x_wconf 45' lang='lat'><strong>241</strong></span> <span class='ocrx_word' id='word_1_286' title='bbox 109 2602 342 2637; x_wconf 81' lang='lat' dir='ltr'><strong>Unkenntnis</strong></span> <span class='ocrx_word' id='word_1_287' title='bbox 377 2602 442 2636; x_wconf 87' lang='lat' dir='ltr'><strong>der</strong></span> <span class='ocrx_word' id='word_1_288' title='bbox 472 2602 664 2637; x_wconf 78' lang='lat' dir='ltr'><strong>Dialektik</strong></span> <span class='ocrx_word' id='word_1_289' title='bbox 699 2604 775 2637; x_wconf 85' lang='lat' dir='ltr'><strong>und</strong></span> 
     </span>
     <span class='ocr_line' id='line_1_52' title="bbox 9 2646 774 2694; baseline 0.003 -11"><span class='ocrx_word' id='word_1_290' title='bbox 9 2646 184 2694; x_wconf 61' lang='lat' dir='ltr'><strong>{fMangel</strong></span> <span class='ocrx_word' id='word_1_291' title='bbox 209 2661 256 2684; x_wconf 83' lang='lat' dir='ltr'><strong>an</strong></span> <span class='ocrx_word' id='word_1_292' title='bbox 277 2648 430 2683; x_wconf 58' lang='lat' dir='ltr'><strong>Scharfe</strong></span> <span class='ocrx_word' id='word_1_293' title='bbox 456 2660 532 2684; x_wconf 82' lang='lat' dir='ltr'><strong>vor.</strong></span> <span class='ocrx_word' id='word_1_294' title='bbox 574 2649 774 2693; x_wconf 83' lang='lat' dir='ltr'><strong>Contentio,</strong></span> 
     </span>
     <span class='ocr_line' id='line_1_53' title="bbox 9 2692 772 2740; baseline 0.001 -10"><span class='ocrx_word' id='word_1_295' title='bbox 9 2692 139 2740; x_wconf 47' lang='lat' dir='ltr'><strong>*Quam</strong></span> <span class='ocrx_word' id='word_1_296' title='bbox 166 2699 357 2731; x_wconf 77' lang='lat' dir='ltr'><strong>tractatam</strong></span> <span class='ocrx_word' id='word_1_297' title='bbox 378 2708 399 2730; x_wconf 91' lang='lat' dir='ltr'><strong>a</strong></span> <span class='ocrx_word' id='word_1_298' title='bbox 421 2695 672 2740; x_wconf 78' lang='lat' dir='ltr'><strong>Peripateticis</strong></span> <span class='ocrx_word' id='word_1_299' title='bbox 689 2698 772 2732; x_wconf 83' lang='lat' dir='ltr'><strong>mol—</strong></span> 
     </span>
     <span class='ocr_line' id='line_1_54' title="bbox 19 2741 774 2785; baseline 0 -7"><span class='ocrx_word' id='word_1_300' title='bbox 19 2741 103 2778; x_wconf 52' lang='lat' dir='ltr'><strong>:suus</strong></span> <span class='ocrx_word' id='word_1_301' title='bbox 130 2763 170 2768; x_wconf 85' lang='lat'>-</span> <span class='ocrx_word' id='word_1_302' title='bbox 181 2756 193 2785; x_wconf 89' lang='lat'><em>;</em></span> <span class='ocrx_word' id='word_1_303' title='bbox 219 2746 269 2778; x_wconf 86' lang='lat' dir='ltr'><strong>est</strong></span> <span class='ocrx_word' id='word_1_304' title='bbox 293 2744 388 2778; x_wconf 85' lang='lat' dir='ltr'><strong>enim</strong></span> <span class='ocrx_word' id='word_1_305' title='bbox 414 2754 535 2778; x_wconf 85' lang='lat' dir='ltr'><strong>eorum</strong></span> <span class='ocrx_word' id='word_1_306' title='bbox 557 2744 774 2779; x_wconf 78' lang='lat' dir='ltr'><strong>consuetudo</strong></span> 
     </span>
     <span class='ocr_line' id='line_1_55' title="bbox 14 2788 775 2835; baseline 0.001 -11"><span class='ocrx_word' id='word_1_307' title='bbox 14 2788 176 2825; x_wconf 63' lang='lat' dir='ltr'><strong>»dicendi</strong></span> <span class='ocrx_word' id='word_1_308' title='bbox 224 2800 298 2824; x_wconf 82' lang='lat' dir='ltr'><strong>non</strong></span> <span class='ocrx_word' id='word_1_309' title='bbox 340 2791 430 2824; x_wconf 75' lang='lat' dir='ltr'><strong>satis</strong></span> <span class='ocrx_word' id='word_1_310' title='bbox 474 2793 583 2825; x_wconf 84' lang='lat' dir='ltr'><strong>acuta</strong></span> <span class='ocrx_word' id='word_1_311' title='bbox 624 2794 775 2835; x_wconf 77' lang='lat' dir='ltr'><strong>propter</strong></span> 
     </span>
     <span class='ocr_line' id='line_1_56' title="bbox 12 2835 620 2880; baseline 0.002 -9"><span class='ocrx_word' id='word_1_312' title='bbox 12 2835 292 2880; x_wconf 59' lang='lat' dir='ltr'><strong>fiynorationem</strong></span> <span class='ocrx_word' id='word_1_313' title='bbox 318 2837 526 2872; x_wconf 79' lang='lat' dir='ltr'><strong>dialecticae</strong></span> <span class='ocrx_word' id='word_1_314' title='bbox 552 2838 620 2872; x_wconf 83' lang='lat' dir='ltr'><strong>eet.</strong></span> 
     </span>
    </p>
   </div>
   <div class='ocr_carea' id='block_1_19' title="bbox 0 1377 25 3103">
    <p class='ocr_par' dir='ltr' id='par_1_23' title="bbox 0 1377 25 3103">
     <span class='ocr_line' id='line_1_57' title="bbox 0 1377 23 2160; baseline 0 0"><span class='ocrx_word' id='word_1_315' title='bbox 0 1377 23 2160; x_wconf 95' lang='lat' dir='ltr'><strong>   </strong></span> 
     </span>
     <span class='ocr_line' id='line_1_58' title="bbox 0 2160 23 2779; baseline 0 0"><span class='ocrx_word' id='word_1_316' title='bbox 0 2160 23 2779; x_wconf 95' lang='lat' dir='ltr'><strong>   </strong></span> 
     </span>
     <span class='ocr_line' id='line_1_59' title="bbox 0 2779 25 3103; baseline 0 0"><span class='ocrx_word' id='word_1_317' title='bbox 0 2779 25 3103; x_wconf 95' lang='lat' dir='ltr'><strong> </strong></span> 
     </span>
    </p>
   </div>
   <div class='ocr_carea' id='block_1_20' title="bbox 3 1155 1327 1206">
    <p class='ocr_par' dir='ltr' id='par_1_24' title="bbox 3 1155 1327 1206">
     <span class='ocr_line' id='line_1_60' title="bbox 3 1155 1327 1206; baseline 0.002 -14"><span class='ocrx_word' id='word_1_318' title='bbox 3 1167 123 1194; x_wconf 26' lang='lat' dir='ltr'><strong>*sane</strong></span> <span class='ocrx_word' id='word_1_319' title='bbox 156 1155 413 1194; x_wconf 84' lang='lat' dir='ltr'><strong>Pacideianus</strong></span> <span class='ocrx_word' id='word_1_320' title='bbox 446 1155 586 1206; x_wconf 89' lang='lat' dir='ltr'><strong>aliquis</strong></span> <span class='ocrx_word' id='word_1_321' title='bbox 618 1155 692 1193; x_wconf 91' lang='lat' dir='ltr'><strong>hoc</strong></span> <span class='ocrx_word' id='word_1_322' title='bbox 725 1157 864 1206; x_wconf 88' lang='lat' dir='ltr'><strong>animo,</strong></span> <span class='ocrx_word' id='word_1_323' title='bbox 897 1161 940 1193; x_wconf 88' lang='lat' dir='ltr'><strong>ut</strong></span> <span class='ocrx_word' id='word_1_324' title='bbox 972 1161 1105 1193; x_wconf 87' lang='lat' dir='ltr'><strong>narrat</strong></span> <span class='ocrx_word' id='word_1_325' title='bbox 1136 1155 1327 1194; x_wconf 89' lang='lat' dir='ltr'><strong>Lucilius:</strong></span> 
     </span>
    </p>
   </div>
   <div class='ocr_carea' id='block_1_21' title="bbox 115 1226 1506 1333">
    <p class='ocr_par' dir='ltr' id='par_1_25' title="bbox 115 1226 1506 1333">
     <span class='ocr_line' id='line_1_61' title="bbox 122 1226 1506 1274; baseline -0.001 -10"><span class='ocrx_word' id='word_1_326' title='bbox 122 1226 313 1265; x_wconf 82' lang='lat' dir='ltr'><strong>Occidam</strong></span> <span class='ocrx_word' id='word_1_327' title='bbox 349 1228 456 1264; x_wconf 81' lang='lat' dir='ltr'><strong>illum</strong></span> <span class='ocrx_word' id='word_1_328' title='bbox 490 1227 671 1274; x_wconf 75' lang='lat' dir='ltr'><strong>equidem</strong></span> <span class='ocrx_word' id='word_1_329' title='bbox 705 1231 741 1263; x_wconf 75' lang='lat' dir='ltr'><strong>et</strong></span> <span class='ocrx_word' id='word_1_330' title='bbox 773 1227 942 1271; x_wconf 71' lang='lat' dir='ltr'><strong>vincam,</strong></span> <span class='ocrx_word' id='word_1_331' title='bbox 975 1227 1012 1263; x_wconf 83' lang='lat' dir='ltr'><strong>si</strong></span> <span class='ocrx_word' id='word_1_332' title='bbox 1043 1227 1086 1263; x_wconf 76' lang='lat' dir='ltr'><strong>id</strong></span> <span class='ocrx_word' id='word_1_333' title='bbox 1115 1228 1322 1273; x_wconf 76' lang='lat' dir='ltr'><strong>quaeritis,</strong></span> <span class='ocrx_word' id='word_1_334' title='bbox 1356 1227 1506 1274; x_wconf 80' lang='lat' dir='ltr'><strong>inquit,-</strong></span> 
     </span>
     <span class='ocr_line' id='line_1_62' title="bbox 115 1283 1334 1333; baseline 0.001 -11"><span class='ocrx_word' id='word_1_335' title='bbox 115 1294 253 1323; x_wconf 76' lang='lat' dir='ltr'><strong>verum</strong></span> <span class='ocrx_word' id='word_1_336' title='bbox 286 1285 388 1322; x_wconf 81' lang='lat' dir='ltr'><strong>illud</strong></span> <span class='ocrx_word' id='word_1_337' title='bbox 418 1286 541 1323; x_wconf 82' lang='lat' dir='ltr'><strong>credo</strong></span> <span class='ocrx_word' id='word_1_338' title='bbox 569 1283 682 1332; x_wconf 80' lang='lat' dir='ltr'><strong>fore:</strong></span> <span class='ocrx_word' id='word_1_339' title='bbox 715 1286 755 1322; x_wconf 81' lang='lat' dir='ltr'><strong>in</strong></span> <span class='ocrx_word' id='word_1_340' title='bbox 788 1295 830 1323; x_wconf 86' lang='lat' dir='ltr'><strong>os</strong></span> <span class='ocrx_word' id='word_1_341' title='bbox 858 1286 976 1333; x_wconf 81' lang='lat' dir='ltr'><strong>prius</strong></span> <span class='ocrx_word' id='word_1_342' title='bbox 1008 1286 1206 1333; x_wconf 70' lang='lat' dir='ltr'><strong>accipiam</strong></span> <span class='ocrx_word' id='word_1_343' title='bbox 1241 1287 1334 1333; x_wconf 75' lang='lat' dir='ltr'><strong>ipse,</strong></span> 
     </span>
    </p>
   </div>
   <div class='ocr_carea' id='block_1_22' title="bbox 846 1431 1590 1748">
    <p class='ocr_par' dir='ltr' id='par_1_26' title="bbox 846 1431 1590 1748">
     <span class='ocr_line' id='line_1_63' title="bbox 893 1431 1589 1476; baseline -0.001 -10"><span class='ocrx_word' id='word_1_344' title='bbox 893 1432 934 1466; x_wconf 83' lang='lat' dir='ltr'><strong>in</strong></span> <span class='ocrx_word' id='word_1_345' title='bbox 959 1432 1009 1466; x_wconf 79' lang='lat' dir='ltr'><strong>eis</strong></span> <span class='ocrx_word' id='word_1_346' title='bbox 1034 1432 1141 1476; x_wconf 75' lang='lat' dir='ltr'><strong>ipsis,</strong></span> <span class='ocrx_word' id='word_1_347' title='bbox 1172 1431 1238 1466; x_wconf 85' lang='lat' dir='ltr'><strong>auf</strong></span> <span class='ocrx_word' id='word_1_348' title='bbox 1258 1432 1517 1476; x_wconf 72' lang='lat' dir='ltr'><strong>yladiatorium</strong></span> <span class='ocrx_word' id='word_1_349' title='bbox 1546 1443 1589 1465; x_wconf 92' lang='lat' dir='ltr'><strong>zu</strong></span> 
     </span>
     <span class='ocr_line' id='line_1_64' title="bbox 846 1478 1589 1523; baseline 0 -11"><span class='ocrx_word' id='word_1_350' title='bbox 846 1478 1032 1513; x_wconf 88' lang='lat' dir='ltr'><strong>beziehen.</strong></span> <span class='ocrx_word' id='word_1_351' title='bbox 1080 1479 1113 1512; x_wconf 83' lang='lat' dir='ltr'><strong>S.</strong></span> <span class='ocrx_word' id='word_1_352' title='bbox 1141 1491 1167 1512; x_wconf 92' lang='lat' dir='ltr'><strong>z.</strong></span> <span class='ocrx_word' id='word_1_353' title='bbox 1196 1483 1252 1522; x_wconf 87' lang='lat'><strong>33,</strong></span> <span class='ocrx_word' id='word_1_354' title='bbox 1281 1482 1324 1513; x_wconf 82' lang='lat'><strong>70</strong></span> <span class='ocrx_word' id='word_1_355' title='bbox 1349 1479 1421 1523; x_wconf 78' lang='lat' dir='ltr'><strong>qui.</strong></span> <span class='ocrx_word' id='word_1_356' title='bbox 1466 1479 1482 1512; x_wconf 92' lang='lat' dir='ltr'><strong>I</strong></span> <span class='ocrx_word' id='word_1_357' title='bbox 1509 1482 1540 1520; x_wconf 81' lang='lat'><strong>2,</strong></span> <span class='ocrx_word' id='word_1_358' title='bbox 1568 1482 1589 1512; x_wconf 82' lang='lat'>4</span> 
     </span>
     <span class='ocr_line' id='line_1_65' title="bbox 846 1525 1590 1570; baseline 0 -11"><span class='ocrx_word' id='word_1_359' title='bbox 846 1536 927 1570; x_wconf 68' lang='lat' dir='ltr'><strong>erqo</strong></span> <span class='ocrx_word' id='word_1_360' title='bbox 958 1526 997 1559; x_wconf 86' lang='lat' dir='ltr'><strong>in</strong></span> <span class='ocrx_word' id='word_1_361' title='bbox 1023 1525 1186 1570; x_wconf 48' lang='lat' dir='ltr'><strong>,Graecia</strong></span> <span class='ocrx_word' id='word_1_362' title='bbox 1218 1527 1347 1560; x_wconf 83' lang='lat' dir='ltr'><strong>musici</strong></span> <span class='ocrx_word' id='word_1_363' title='bbox 1377 1526 1590 1568; x_wconf 77' lang='lat' dir='ltr'><strong>floruerunt,</strong></span> 
     </span>
     <span class='ocr_line' id='line_1_66' title="bbox 846 1573 1588 1616; baseline 0.001 -10"><span class='ocrx_word' id='word_1_364' title='bbox 846 1573 1097 1616; x_wconf 68' lang='lat' dir='ltr'><strong>discebantque</strong></span> <span class='ocrx_word' id='word_1_365' title='bbox 1133 1573 1174 1607; x_wconf 83' lang='lat' dir='ltr'><strong>id</strong></span> <span class='ocrx_word' id='word_1_366' title='bbox 1211 1583 1338 1607; x_wconf 83' lang='lat' dir='ltr'><strong>omnes.</strong></span> <span class='ocrx_word' id='word_1_367' title='bbox 1384 1573 1416 1606; x_wconf 92' lang='lat' dir='ltr'><strong>V</strong></span> <span class='ocrx_word' id='word_1_368' title='bbox 1443 1576 1505 1614; x_wconf 78' lang='lat'><strong>27,</strong></span> <span class='ocrx_word' id='word_1_369' title='bbox 1545 1576 1588 1607; x_wconf 79' lang='lat'><strong>77</strong></span> 
     </span>
     <span class='ocr_line' id='line_1_67' title="bbox 848 1618 1588 1663; baseline 0 -10"><span class='ocrx_word' id='word_1_370' title='bbox 848 1620 1023 1654; x_wconf 85' lang='lat' dir='ltr'><strong>barbaria</strong></span> <span class='ocrx_word' id='word_1_371' title='bbox 1048 1640 1094 1645; x_wconf 90' lang='lat'><strong>——</strong></span> <span class='ocrx_word' id='word_1_372' title='bbox 1119 1621 1160 1654; x_wconf 82' lang='lat' dir='ltr'><strong>in</strong></span> <span class='ocrx_word' id='word_1_373' title='bbox 1185 1630 1226 1654; x_wconf 84' lang='lat' dir='ltr'><strong>ca</strong></span> <span class='ocrx_word' id='word_1_374' title='bbox 1251 1623 1361 1663; x_wconf 70' lang='lat' dir='ltr'><strong>yenie.</strong></span> <span class='ocrx_word' id='word_1_375' title='bbox 1388 1618 1469 1653; x_wconf 84' lang='lat' dir='ltr'><strong>Liv.</strong></span> <span class='ocrx_word' id='word_1_376' title='bbox 1491 1619 1524 1653; x_wconf 92' lang='lat' dir='ltr'><strong>II</strong></span> <span class='ocrx_word' id='word_1_377' title='bbox 1544 1623 1588 1653; x_wconf 85' lang='lat'><strong>53</strong></span> 
     </span>
     <span class='ocr_line' id='line_1_68' title="bbox 854 1665 1588 1710; baseline 0 -10"><span class='ocrx_word' id='word_1_378' title='bbox 854 1666 981 1701; x_wconf 84' lang='lat' dir='ltr'><strong>Veiens</strong></span> <span class='ocrx_word' id='word_1_379' title='bbox 1006 1667 1134 1701; x_wconf 79' lang='lat' dir='ltr'><strong>bellum</strong></span> <span class='ocrx_word' id='word_1_380' title='bbox 1160 1670 1340 1708; x_wconf 69' lang='lat' dir='ltr'><strong>emortum,</strong></span> <span class='ocrx_word' id='word_1_381' title='bbox 1365 1667 1496 1710; x_wconf 79' lang='lat' dir='ltr'><strong>quibus</strong></span> <span class='ocrx_word' id='word_1_382' title='bbox 1521 1665 1588 1701; x_wconf 84' lang='lat' dir='ltr'><strong>Sa-</strong></span> 
     </span>
     <span class='ocr_line' id='line_1_69' title="bbox 847 1713 1357 1748; baseline -0.002 -1"><span class='ocrx_word' id='word_1_383' title='bbox 847 1713 927 1747; x_wconf 86' lang='lat' dir='ltr'><strong>bini</strong></span> <span class='ocrx_word' id='word_1_384' title='bbox 951 1724 1054 1748; x_wconf 83' lang='lat' dir='ltr'><strong>arma</strong></span> <span class='ocrx_word' id='word_1_385' title='bbox 1080 1714 1357 1748; x_wconf 69' lang='lat' dir='ltr'><strong>coniunaeerant.</strong></span> 
     </span>
    </p>
   </div>
   <div class='ocr_carea' id='block_1_23' title="bbox 849 1783 1590 1875">
    <p class='ocr_par' dir='ltr' id='par_1_27' title="bbox 849 1783 1590 1875">
     <span class='ocr_line' id='line_1_70' title="bbox 895 1783 1590 1828; baseline 0 -11"><span class='ocrx_word' id='word_1_386' title='bbox 895 1787 1075 1826; x_wconf 74' lang='lat' dir='ltr'><strong>quaerunt</strong></span> <span class='ocrx_word' id='word_1_387' title='bbox 1094 1785 1141 1818; x_wconf 77' lang='grc' dir='ltr'><strong>αῖ.</strong></span> <span class='ocrx_word' id='word_1_388' title='bbox 1158 1784 1360 1828; x_wconf 76' lang='lat' dir='ltr'><strong>postulant,</strong></span> <span class='ocrx_word' id='word_1_389' title='bbox 1386 1784 1438 1818; x_wconf 81' lang='lat' dir='ltr'><strong>sie</strong></span> <span class='ocrx_word' id='word_1_390' title='bbox 1458 1783 1590 1828; x_wconf 83' lang='lat' dir='ltr'><strong>fra-gen</strong></span> 
     </span>
     <span class='ocr_line' id='line_1_71' title="bbox 849 1830 1590 1875; baseline 0.001 -12"><span class='ocrx_word' id='word_1_391' title='bbox 849 1830 927 1864; x_wconf 85' lang='lat' dir='ltr'><strong>sich</strong></span> <span class='ocrx_word' id='word_1_392' title='bbox 953 1831 1189 1875; x_wconf 76' lang='lat' dir='ltr'><strong>gegenseitig</strong></span> <span class='ocrx_word' id='word_1_393' title='bbox 1220 1833 1335 1865; x_wconf 80' lang='lat' dir='ltr'><strong>etwas</strong></span> <span class='ocrx_word' id='word_1_394' title='bbox 1367 1830 1441 1864; x_wconf 91' lang='lat' dir='ltr'><strong>und</strong></span> <span class='ocrx_word' id='word_1_395' title='bbox 1470 1830 1590 1864; x_wconf 76' lang='lat' dir='ltr'><strong>bitten</strong></span> 
     </span>
    </p>
   </div>
   <div class='ocr_carea' id='block_1_24' title="bbox 846 1876 1589 1968">
    <p class='ocr_par' dir='ltr' id='par_1_28' title="bbox 846 1876 1589 1968">
     <span class='ocr_line' id='line_1_72' title="bbox 846 1876 1589 1922; baseline 0.001 -12"><span class='ocrx_word' id='word_1_396' title='bbox 846 1889 909 1910; x_wconf 88' lang='lat' dir='ltr'><strong>um</strong></span> <span class='ocrx_word' id='word_1_397' title='bbox 924 1876 1226 1922; x_wconf 72' lang='lat' dir='ltr'><strong>Gefalligkeiten.</strong></span> <span class='ocrx_word' id='word_1_398' title='bbox 1266 1877 1404 1912; x_wconf 85' lang='lat' dir='ltr'><strong>Woher</strong></span> <span class='ocrx_word' id='word_1_399' title='bbox 1417 1877 1482 1911; x_wconf 85' lang='lat' dir='ltr'><strong>der</strong></span> <span class='ocrx_word' id='word_1_400' title='bbox 1496 1877 1589 1911; x_wconf 79' lang='lat' dir='ltr'><strong>Vers</strong></span> 
     </span>
     <span class='ocr_line' id='line_1_73' title="bbox 846 1923 1233 1968; baseline 0 -10"><span class='ocrx_word' id='word_1_401' title='bbox 846 1923 907 1968; x_wconf 77' lang='lat' dir='ltr'><strong>ist,</strong></span> <span class='ocrx_word' id='word_1_402' title='bbox 934 1923 983 1958; x_wconf 79' lang='lat' dir='ltr'><strong>ist</strong></span> <span class='ocrx_word' id='word_1_403' title='bbox 1008 1924 1233 1958; x_wconf 81' lang='lat' dir='ltr'><strong>unbekannt.</strong></span> 
     </span>
    </p>
   </div>
   <div class='ocr_carea' id='block_1_25' title="bbox 844 1993 1590 2310">
    <p class='ocr_par' dir='ltr' id='par_1_29' title="bbox 844 1993 1590 2310">
     <span class='ocr_line' id='line_1_74' title="bbox 896 1993 1588 2036; baseline 0 -8"><span class='ocrx_word' id='word_1_404' title='bbox 896 1994 1157 2036; x_wconf 75' lang='lat' dir='ltr'><strong>Pacideianus,</strong></span> <span class='ocrx_word' id='word_1_405' title='bbox 1183 1994 1243 2029; x_wconf 89' lang='lat' dir='ltr'><strong>ein</strong></span> <span class='ocrx_word' id='word_1_406' title='bbox 1269 1994 1484 2029; x_wconf 76' lang='lat' dir='ltr'><strong>beriihmter</strong></span> <span class='ocrx_word' id='word_1_407' title='bbox 1500 1993 1588 2028; x_wconf 81' lang='lat' dir='ltr'><strong>Gla-</strong></span> 
     </span>
     <span class='ocr_line' id='line_1_75' title="bbox 846 2040 1590 2087; baseline 0.001 -13"><span class='ocrx_word' id='word_1_408' title='bbox 846 2040 969 2076; x_wconf 77' lang='lat' dir='ltr'><strong>diator</strong></span> <span class='ocrx_word' id='word_1_409' title='bbox 994 2052 1059 2075; x_wconf 82' lang='lat' dir='ltr'><strong>aus</strong></span> <span class='ocrx_word' id='word_1_410' title='bbox 1085 2041 1150 2087; x_wconf 66' lang='lat' dir='ltr'><strong>der</strong></span> <span class='ocrx_word' id='word_1_411' title='bbox 1175 2041 1451 2076; x_wconf 73' lang='lat' dir='ltr'><strong>Gracchenzeit.</strong></span> <span class='ocrx_word' id='word_1_412' title='bbox 1503 2040 1590 2075; x_wconf 75' lang='lat' dir='ltr'><strong>Sein</strong></span> 
     </span>
     <span class='ocr_line' id='line_1_76' title="bbox 846 2087 1589 2132; baseline 0 -11"><span class='ocrx_word' id='word_1_413' title='bbox 846 2087 992 2132; x_wconf 77' lang='lat' dir='ltr'><strong>Gegnei·</strong></span> <span class='ocrx_word' id='word_1_414' title='bbox 1017 2098 1094 2122; x_wconf 78' lang='lat' dir='ltr'><strong>war</strong></span> <span class='ocrx_word' id='word_1_415' title='bbox 1107 2088 1318 2123; x_wconf 83' lang='lat' dir='ltr'><strong>Aserninus.</strong></span> <span class='ocrx_word' id='word_1_416' title='bbox 1363 2087 1524 2122; x_wconf 84' lang='lat' dir='ltr'><strong>Lucilius</strong></span> <span class='ocrx_word' id='word_1_417' title='bbox 1547 2089 1589 2131; x_wconf 79' lang='lat' dir='ltr'><strong>(s.</strong></span> 
     </span>
     <span class='ocr_line' id='line_1_77' title="bbox 844 2134 1589 2179; baseline 0 -11"><span class='ocrx_word' id='word_1_418' title='bbox 844 2134 878 2168; x_wconf 92' lang='lat' dir='ltr'><strong>II</strong></span> <span class='ocrx_word' id='word_1_419' title='bbox 907 2139 960 2179; x_wconf 80' lang='lat'><strong>17,</strong></span> <span class='ocrx_word' id='word_1_420' title='bbox 987 2137 1047 2178; x_wconf 88' lang='grc'><strong>41)</strong></span> <span class='ocrx_word' id='word_1_421' title='bbox 1080 2135 1184 2169; x_wconf 75' lang='lat' dir='ltr'><strong>hatte</strong></span> <span class='ocrx_word' id='word_1_422' title='bbox 1219 2135 1270 2168; x_wconf 88' lang='lat' dir='ltr'><strong>im</strong></span> <span class='ocrx_word' id='word_1_423' title='bbox 1296 2135 1438 2169; x_wconf 80' lang='lat' dir='ltr'><strong>vierten</strong></span> <span class='ocrx_word' id='word_1_424' title='bbox 1464 2134 1589 2169; x_wconf 86' lang='lat' dir='ltr'><strong>Buche</strong></span> 
     </span>
     <span class='ocr_line' id='line_1_78' title="bbox 846 2181 1588 2223; baseline 0.001 -9"><span class='ocrx_word' id='word_1_425' title='bbox 846 2181 966 2216; x_wconf 88' lang='lat' dir='ltr'><strong>seiner</strong></span> <span class='ocrx_word' id='word_1_426' title='bbox 992 2181 1154 2223; x_wconf 71' lang='lat' dir='ltr'><strong>Satiren,</strong></span> <span class='ocrx_word' id='word_1_427' title='bbox 1190 2181 1341 2216; x_wconf 72' lang='lat' dir='ltr'><strong>{ihnlich</strong></span> <span class='ocrx_word' id='word_1_428' title='bbox 1371 2181 1440 2216; x_wconf 86' lang='lat' dir='ltr'><strong>wie</strong></span> <span class='ocrx_word' id='word_1_429' title='bbox 1466 2181 1588 2216; x_wconf 83' lang='lat' dir='ltr'><strong>Horaz</strong></span> 
     </span>
     <span class='ocr_line' id='line_1_79' title="bbox 846 2227 1589 2273; baseline 0.001 -12"><span class='ocrx_word' id='word_1_430' title='bbox 846 2228 914 2262; x_wconf 77' lang='lat' dir='ltr'><strong>sat.</strong></span> <span class='ocrx_word' id='word_1_431' title='bbox 936 2228 951 2262; x_wconf 97' lang='lat' dir='ltr'><strong>I</strong></span> <span class='ocrx_word' id='word_1_432' title='bbox 979 2232 1017 2271; x_wconf 83' lang='lat'><strong>7,</strong></span> <span class='ocrx_word' id='word_1_433' title='bbox 1043 2229 1150 2262; x_wconf 87' lang='lat' dir='ltr'><strong>einen</strong></span> <span class='ocrx_word' id='word_1_434' title='bbox 1171 2228 1403 2273; x_wconf 84' lang='lat' dir='ltr'><strong>Zweikampf</strong></span> <span class='ocrx_word' id='word_1_435' title='bbox 1425 2228 1489 2263; x_wconf 85' lang='lat' dir='ltr'><strong>der</strong></span> <span class='ocrx_word' id='word_1_436' title='bbox 1514 2227 1589 2262; x_wconf 92' lang='lat' dir='ltr'><strong>bei-</strong></span> 
     </span>
     <span class='ocr_line' id='line_1_80' title="bbox 849 2275 1200 2310; baseline 0.003 -2"><span class='ocrx_word' id='word_1_437' title='bbox 849 2275 919 2309; x_wconf 89' lang='lat' dir='ltr'><strong>den</strong></span> <span class='ocrx_word' id='word_1_438' title='bbox 944 2275 1200 2310; x_wconf 86' lang='lat' dir='ltr'><strong>beschrieben:</strong></span> 
     </span>
    </p>
   </div>
   <div class='ocr_carea' id='block_1_26' title="bbox 842 2344 1591 2717">
    <p class='ocr_par' dir='ltr' id='par_1_30' title="bbox 847 2344 1590 2437">
     <span class='ocr_line' id='line_1_81' title="bbox 847 2344 1590 2388; baseline 0.001 -9"><span class='ocrx_word' id='word_1_439' title='bbox 847 2345 1071 2380; x_wconf 74' lang='lat' dir='ltr'><strong>Aeserninus</strong></span> <span class='ocrx_word' id='word_1_440' title='bbox 1101 2345 1175 2388; x_wconf 80' lang='lat' dir='ltr'><strong>fuit</strong></span> <span class='ocrx_word' id='word_1_441' title='bbox 1201 2344 1421 2380; x_wconf 79' lang='lat' dir='ltr'><strong>Flaccorum</strong></span> <span class='ocrx_word' id='word_1_442' title='bbox 1445 2356 1590 2380; x_wconf 80' lang='lat' dir='ltr'><strong>munere</strong></span> 
     </span>
     <span class='ocr_line' id='line_1_82' title="bbox 1225 2393 1374 2437; baseline 0 -10"><span class='ocrx_word' id='word_1_443' title='bbox 1225 2393 1374 2437; x_wconf 76' lang='lat' dir='ltr'><strong>quidam</strong></span> 
     </span>
    </p>

    <p class='ocr_par' dir='ltr' id='par_1_31' title="bbox 847 2438 1590 2531">
     <span class='ocr_line' id='line_1_83' title="bbox 847 2438 1590 2484; baseline -0.001 -10"><span class='ocrx_word' id='word_1_444' title='bbox 847 2438 1014 2481; x_wconf 84' lang='lat' dir='ltr'><strong>Samnis,</strong></span> <span class='ocrx_word' id='word_1_445' title='bbox 1057 2450 1210 2484; x_wconf 82' lang='lat' dir='ltr'><strong>spurcus</strong></span> <span class='ocrx_word' id='word_1_446' title='bbox 1247 2440 1367 2482; x_wconf 79' lang='lat' dir='ltr'><strong>homo,</strong></span> <span class='ocrx_word' id='word_1_447' title='bbox 1410 2440 1486 2474; x_wconf 74' lang='lat' dir='ltr'><strong>vita</strong></span> <span class='ocrx_word' id='word_1_448' title='bbox 1524 2439 1590 2473; x_wconf 72' lang='lat' dir='ltr'><strong>illa</strong></span> 
     </span>
     <span class='ocr_line' id='line_1_84' title="bbox 1225 2487 1536 2531; baseline 0 -10"><span class='ocrx_word' id='word_1_449' title='bbox 1225 2487 1359 2531; x_wconf 72' lang='lat' dir='ltr'><strong>diynus</strong></span> <span class='ocrx_word' id='word_1_450' title='bbox 1383 2487 1536 2530; x_wconf 74' lang='lat' dir='ltr'><strong>locoque,</strong></span> 
     </span>
    </p>

    <p class='ocr_par' dir='ltr' id='par_1_32' title="bbox 847 2533 1589 2615">
     <span class='ocr_line' id='line_1_85' title="bbox 847 2533 1589 2577; baseline -0.001 -10"><span class='ocrx_word' id='word_1_451' title='bbox 847 2543 928 2567; x_wconf 86' lang='lat' dir='ltr'><strong>cum</strong></span> <span class='ocrx_word' id='word_1_452' title='bbox 961 2533 1187 2568; x_wconf 67' lang='lat' dir='ltr'><strong>Pacideiano</strong></span> <span class='ocrx_word' id='word_1_453' title='bbox 1219 2534 1465 2577; x_wconf 77' lang='lat' dir='ltr'><strong>componitur,</strong></span> <span class='ocrx_word' id='word_1_454' title='bbox 1497 2533 1589 2577; x_wconf 81' lang='lat' dir='ltr'><strong>opti-</strong></span> 
     </span>
     <span class='ocr_line' id='line_1_86' title="bbox 1228 2581 1442 2615; baseline 0 -1"><span class='ocrx_word' id='word_1_455' title='bbox 1228 2592 1307 2615; x_wconf 82' lang='lat' dir='ltr'><strong>mus</strong></span> <span class='ocrx_word' id='word_1_456' title='bbox 1331 2581 1442 2614; x_wconf 81' lang='lat' dir='ltr'><strong>multo</strong></span> 
     </span>
    </p>

    <p class='ocr_par' dir='ltr' id='par_1_33' title="bbox 842 2626 1591 2717">
     <span class='ocr_line' id='line_1_87' title="bbox 842 2626 1591 2673; baseline 0.001 -14"><span class='ocrx_word' id='word_1_457' title='bbox 842 2630 926 2670; x_wconf 75' lang='lat' dir='ltr'><strong>post</strong></span> <span class='ocrx_word' id='word_1_458' title='bbox 962 2627 1120 2661; x_wconf 82' lang='lat' dir='ltr'><strong>homines</strong></span> <span class='ocrx_word' id='word_1_459' title='bbox 1159 2631 1265 2662; x_wconf 76' lang='lat' dir='ltr'><strong>natos</strong></span> <span class='ocrx_word' id='word_1_460' title='bbox 1300 2628 1485 2673; x_wconf 72' lang='lat' dir='ltr'><strong>yladiator</strong></span> <span class='ocrx_word' id='word_1_461' title='bbox 1527 2626 1591 2670; x_wconf 76' lang='lat' dir='ltr'><strong>qui</strong></span> 
     </span>
     <span class='ocr_line' id='line_1_88' title="bbox 1224 2675 1429 2717; baseline -0.01 -8"><span class='ocrx_word' id='word_1_462' title='bbox 1224 2675 1298 2717; x_wconf 79' lang='lat' dir='ltr'><strong>fuit</strong></span> <span class='ocrx_word' id='word_1_463' title='bbox 1323 2684 1429 2708; x_wconf 84' lang='lat' dir='ltr'><strong>unus.</strong></span> 
     </span>
    </p>
   </div>
   <div class='ocr_carea' id='block_1_27' title="bbox 847 2744 1591 2881">
    <p class='ocr_par' dir='ltr' id='par_1_34' title="bbox 847 2744 1591 2881">
     <span class='ocr_line' id='line_1_89' title="bbox 894 2744 1589 2788; baseline -0.003 -11"><span class='ocrx_word' id='word_1_464' title='bbox 894 2744 1072 2787; x_wconf 79' lang='lat' dir='ltr'><strong>accipiam</strong></span> <span class='ocrx_word' id='word_1_465' title='bbox 1104 2745 1195 2788; x_wconf 77' lang='lat' dir='ltr'><strong>ipse,</strong></span> <span class='ocrx_word' id='word_1_466' title='bbox 1236 2744 1398 2779; x_wconf 59' lang='lat' dir='ltr'><strong>nttmlich</strong></span> <span class='ocrx_word' id='word_1_467' title='bbox 1430 2744 1589 2786; x_wconf 72' lang='lat' dir='ltr'><strong>playam,</strong></span> 
     </span>
     <span class='ocr_line' id='line_1_90' title="bbox 847 2788 1591 2834; baseline -0.001 -11"><span class='ocrx_word' id='word_1_468' title='bbox 847 2789 931 2824; x_wconf 84' lang='lat' dir='ltr'><strong>weil</strong></span> <span class='ocrx_word' id='word_1_469' title='bbox 969 2800 1008 2824; x_wconf 86' lang='lat' dir='ltr'><strong>er</strong></span> <span class='ocrx_word' id='word_1_470' title='bbox 1046 2791 1151 2825; x_wconf 75' lang='lat' dir='ltr'><strong>nicht</strong></span> <span class='ocrx_word' id='word_1_471' title='bbox 1188 2792 1258 2826; x_wconf 77' lang='lat' dir='ltr'><strong>mit</strong></span> <span class='ocrx_word' id='word_1_472' title='bbox 1289 2791 1353 2825; x_wconf 89' lang='lat' dir='ltr'><strong>der</strong></span> <span class='ocrx_word' id='word_1_473' title='bbox 1386 2788 1591 2834; x_wconf 69' lang='lat' dir='ltr'><strong>geborigen</strong></span> 
     </span>
     <span class='ocr_line' id='line_1_91' title="bbox 847 2836 1135 2881; baseline 0.007 -11"><span class='ocrx_word' id='word_1_474' title='bbox 847 2837 952 2872; x_wconf 84' lang='lat' dir='ltr'><strong>Ruhe</strong></span> <span class='ocrx_word' id='word_1_475' title='bbox 979 2836 1135 2881; x_wconf 61' lang='lat' dir='ltr'><strong>kampft.</strong></span> 
     </span>
    </p>
   </div>
   <div class='ocr_carea' id='block_1_28' title="bbox 1292 664 1645 709">
    <p class='ocr_par' dir='ltr' id='par_1_35' title="bbox 1292 664 1645 709">
     <span class='ocr_line' id='line_1_92' title="bbox 1292 664 1645 709; baseline -0.003 -5"><span class='ocrx_word' id='word_1_476' title='bbox 1292 664 1390 709; x_wconf 87' lang='lat' dir='ltr'><strong>Quid</strong></span> <span class='ocrx_word' id='word_1_477' title='bbox 1431 665 1476 703; x_wconf 83' lang='lat' dir='ltr'><strong>ad</strong></span> <span class='ocrx_word' id='word_1_478' title='bbox 1516 664 1587 703; x_wconf 81' lang='lat' dir='ltr'><strong>has</strong></span> <span class='ocrx_word' id='word_1_479' title='bbox 1602 673 1645 703; x_wconf 81' lang='lat'><strong>48</strong></span> 
     </span>
    </p>
   </div>
  </div>
 </body>
</html>
