1790 3103
107 1004 149 1035 22
167 994 279 1032 finire
317 1006 395 1032 non
434 1000 494 1032 est
531 1007 674 1033 meum.

172 66 253 107 108

688 67 735 102 M.
764 68 922 103 TULLII
949 67 1201 103 CICERONIS

170 175 318 214 Xerxes
352 176 510 226 quidem
542 177 713 216 refertus
746 177 927 216 omnibus
959 178 1142 228 praemiis
1181 176 1372 228 donisque
1405 178 1602 231 fortunae,
1641 191 1720 219 non

169 235 358 286 equitatu,
390 247 468 273 non
501 235 750 286 pedestribus
783 238 924 287 copiis,
956 247 1033 283 non
1066 236 1221 273 navium
1253 234 1521 288 multitudine,
1553 249 1630 275 non
1662 239 1721 276 in-

168 292 277 330 finito
309 292 483 344 pondere
517 296 601 333 auri
633 300 860 346 contentus,
898 295 1115 345 praemium
1146 295 1369 345 proposuit,
1408 296 1475 344 qui
1505 296 1722 335 invenisset

168 362 309 389 novam
342 351 598 402 voluptatem:
636 365 712 403 qua
743 355 826 403 ipsa
858 364 935 390 non
970 352 1042 391 fuit
1074 357 1300 403 contentus3
1341 364 1467 403 neque
1501 354 1603 391 enim
1635 365 1719 392 um·

169 421 284 460 quam
318 410 434 448 finem
466 412 638 449 inveniet
671 411 800 449 libido.

197 480 237 506 ul

862 410 940 449 Nos
972 410 1111 448 vellem
1137 411 1308 460 praemio
1336 410 1478 449 elicere
1503 423 1722 465 possemuS,

269 467 382 507 nohis
413 469 558 520 aliquid
591 469 797 521 attulisset,
829 480 905 519 quo
938 469 1010 507 hoc
1043 469 1194 507 firmius
1226 468 1489 508 crederemus.

286 529 330 565 A.
358 526 504 565 Vellem
536 528 574 566 id
607 527 776 579 quidem,
809 527 876 565 sed
909 527 1032 566 habeo
1065 527 1223 578 paulum
1249 527 1352 577 quod
1379 530 1587 578 requiram.
1637 527 1720 580 Ego

168 586 272 623 enim
313 585 511 623 adsentior
553 598 708 637 eorum,
750 598 848 636 quae
888 587 1072 637 posuisti,
1114 585 1279 624 alterum
1320 585 1434 624 alteri
1473 598 1721 638 consequens
1782 583 1783 586 '

167 655 271 694 esse,
317 649 360 682 ut
399 656 516 694 quem
554 643 599 682 ad
639 644 816 696 modum,
857 646 889 682 si
927 644 1031 695 quod
1070 644 1277 683 honestum
1318 645 1384 696 sit,
1428 644 1467 682 id
1505 644 1632 684 solum
1670 647 1722 684 sit

166 700 326 753 honum,
360 708 548 752 sequatur
580 704 696 741 vitam
730 702 881 741 beatam
913 704 1056 741 virtute
1091 703 1242 754 confici,
1274 704 1330 741 sic
1363 704 1395 741 si
1427 704 1503 742 vita
1534 703 1647 742 beata
1679 705 1720 743 in

166 761 311 798 virtute
357 762 425 812 sit,
475 760 571 799 nihil
615 773 701 799 esse
746 763 821 799 nisi
866 763 1051 800 virtutem
1095 761 1252 799 honum.

166 823 326 856 auctore
358 819 487 857 Aristo
526 825 565 858 et
596 819 787 858 Antiocho
828 832 905 858 non
945 821 1065 858 sentit
1096 820 1190 871 hoc,

166 878 217 915 sit
247 876 394 915 bonum
427 877 581 928 aliquod
614 883 771 929 praeter
803 880 999 917 virtutem.

1231 826 1341 871 putat
1380 822 1501 871 enim,
1540 822 1656 859 etiam
1688 822 1722 860 si

1060 879 1114 916 M.
1142 878 1242 924 Quid
1276 875 1424 928 igitur?
1455 884 1592 917 contra
1624 878 1721 918 Bru-

164 942 300 974 tumne
339 947 399 973 me
440 935 637 974 dicturum
676 934 819 987 putas?
881 938 924 974 Α.
958 936 1017 974 Tu
1049 949 1160 988 vero,
1198 942 1241 974 ut
1272 936 1445 988 videtur,
1485 949 1575 976 nam
1613 949 1724 989 prae—

167 1051 240 1090 alio
272 1051 370 1091 loco.

740 995 793 1033 M.
827 994 928 1040 Quid
967 996 1109 1045 cuique
1153 996 1272 1045 igitur
1315 1000 1624 1035 consentaneum
1661 997 1725 1049 sit,

431 1052 528 1090 Nam
566 1055 639 1091 ista
678 1053 772 1091 mihi
812 1059 851 1091 et
889 1065 977 1091 cum
1010 1052 1201 1091 Antiocho
1242 1065 1357 1104 saepe
1396 1059 1435 1092 et
1473 1065 1560 1092 cum
1594 1055 1725 1093 Aristo

166 1122 305 1162 nuper,
338 1123 427 1149 cum
454 1111 616 1150 Athenis
649 1113 862 1163 imperator
894 1112 995 1163 apud
1029 1124 1118 1150 eum
1145 1111 1384 1163 deversarer,
1417 1111 1610 1151 dissensio
1640 1113 1724 1152 suit.

165 1168 259 1207 Mihi
302 1170 405 1207 enim
448 1182 526 1208 non
568 1170 773 1209 videbatur
815 1172 1022 1222 quisquam
1065 1182 1150 1209 esse
1194 1169 1332 1209 beatus
1373 1182 1506 1223 posse,
1550 1183 1639 1210 cum
1683 1173 1724 1210 in
1788 1167 1790 1180 '

165 1227 277 1265 malis
310 1233 432 1281 essct3
470 1230 509 1266 in
549 1228 662 1267 malis
702 1235 832 1268 autem
871 1230 1086 1280 sapientem
1125 1241 1210 1267 esse
1248 1241 1381 1281 posse,
1419 1230 1452 1267 si
1485 1235 1618 1269 essent
1647 1229 1725 1268 ulla

165 1363 246 1398 eine
267 1363 490 1409 Belohnung
509 1365 718 1409 versprach,
747 1365 811 1399 der
831 1365 908 1399 ihm

165 1410 224 1445 ein
249 1421 362 1445 neues
389 1411 587 1446 sinnliches
607 1411 829 1457 Vergm'igen
856 1423 908 1446 er-

163 1457 271 1500 fand,
311 1468 387 1492 was
419 1458 483 1492 ihn
518 1459 611 1493 doch
642 1459 747 1493 nicht
778 1459 908 1503 gliick-

164 1503 240 1538 Iich
265 1505 421 1539 macheu
446 1505 596 1547 konnte,
622 1506 691 1540 wie
710 1506 785 1540 viel
804 1506 908 1540 mehr

165 1554 315 1596 mtissen
340 1553 407 1585 wir
431 1552 489 1586 die
524 1553 716 1596 schamen,
749 1553 808 1587 die
840 1564 907 1587 uns

164 1597 222 1632 die
253 1598 522 1643 Uberzeugung
559 1600 693 1644 geben,
733 1599 812 1633 dass
848 1598 908 1634 die

165 1644 322 1690 Tugend
348 1657 410 1679 zur
436 1645 739 1691 Glfiokseligkeit‘
755 1647 908 1691 geniigb‚

165 1691 229 1726 das
257 1691 535 1727 Gliicklichsein
568 1693 704 1727 mithin
735 1693 772 1727 in
801 1704 908 1727 unse—

163 1749 222 1772 rer
241 1739 369 1773 Maeht
395 1740 505 1775 steht.
555 1751 642 1774 uam
660 1740 808 1775 bezieht,
830 1740 909 1774 sich

163 1785 242 1820 also
278 1786 383 1821 nicht
418 1787 560 1821 sowohl
602 1787 668 1821 auf
703 1788 774 1822 den
811 1787 908 1830 Satz,

164 1832 280 1867 worin
307 1844 345 1867 es
372 1833 482 1877 steht,
510 1834 564 1867 als
591 1834 657 1868 auf
672 1834 744 1868 den
767 1845 909 1878 ganzen

164 1879 345 1922 Komplex
371 1880 435 1914 der
451 1880 559 1915 Satze
585 1880 641 1915 bis
662 1893 743 1915 zum
764 1880 908 1916 Schluss

164 1925 226 1960 des
252 1926 432 1970 Kapitels,
460 1939 485 1960 s.
513 1940 541 1962 z.
569 1931 588 1969 ξ
617 1932 646 1962 7.

213 1973 363 2008 Xera'es.
379 1974 524 2008 Anclere
539 1975 708 2009 erzahlen
720 1975 778 2009 die
787 1974 907 2009 Anek-

164 2019 250 2054 dote
264 2031 335 2054 von
344 2020 475 2055 Darius
488 2019 745 2055 codomannus
759 2021 905 2066 (Athen.

163 2066 231 2100 XII
250 2078 285 2110 p.
303 2067 395 2110 539),
417 2068 505 2102 oder
518 2079 591 2102 von
612 2068 681 2102 den
695 2069 908 2113 persischen

163 2113 333 2158 Konigen
366 2114 585 2159 uberhaupt.
637 2115 747 2149 Diese
777 2115 908 2149 hatten

162 2160 327 2195 niimlich
376 2160 579 2196 besondere
631 2163 907 2206 καινοποιηταί,

162 2207 303 2241 welche
334 2207 394 2242 die
426 2208 596 2252 Aufgabe
627 2208 775 2252 hatten,
813 2219 907 2243 neue

165 2253 318 2298 Speisen
357 2267 400 2288 zu
439 2255 610 2289 erfinden.
668 2255 800 2291 Athen.
839 2255 907 2289 XII

162 2311 198 2344 p.
221 2304 287 2334 515
309 2301 342 2335 b.
372 2301 420 2335 [V
446 2313 480 2345 p.
505 2305 582 2336 144.

207 2348 384 2391 praemiis
411 2368 453 2372 ——
483 2349 668 2391 fortunae:
702 2350 907 2393 praemium

165 2394 266 2428 steht
290 2393 370 2428 hier
395 2394 445 2427 im
465 2394 712 2439 allgemeinen
734 2395 844 2430 Sinne
862 2413 906 2425 =

164 2441 401 2483 commodum,
436 2442 580 2476 dorium.
631 2443 734 2477 Lucr.
762 2444 812 2477 ΙΙΙ
840 2447 906 2477 956

164 2489 287 2522 omnia
329 2488 548 2533 perfunctus
602 2490 694 2523 vitai
739 2491 908 2534 praemia

163 2545 307 2570 marces.

211 2581 304 2626 Kap.
333 2581 369 2617 8.
415 2587 470 2618 21.
496 2586 537 2616 ut
562 2594 664 2627 quem
690 2584 738 2617 acl
763 2584 907 2618 modum

163 2629 196 2663 si
214 2629 327 2673 quod:
349 2629 439 2664 iiber
459 2629 517 2664 die
531 2629 707 2674 H'aufung
726 2629 791 2663 der
807 2629 905 2664 Kon-

159 2674 382 2719 junkbionen
421 2687 447 2710 s.
487 2689 514 2710 z.
554 2677 587 2710 II
625 2679 686 2719 25,
726 2680 770 2711 60
811 2677 907 2722 Quia

162 2723 195 2757 si
220 2733 310 2757 cum.

210 2770 274 2810 sie,
298 2769 409 2803 n'eiml.
436 2773 617 2814 sequatur.

210 2816 359 2851 Aristus
384 2827 460 2851 war
485 2816 549 2851 der
574 2816 715 2852 Bruder
741 2817 804 2852 des
830 2818 903 2852 An-

981 1365 1125 1400 tiochus
1151 1365 1226 1399 und
1259 1365 1367 1399 stand
1398 1365 1468 1400 mit
1497 1365 1636 1401 diesem
1662 1365 1730 1400 auf
1789 1394 1790 1399 ,

981 1412 1164 1456 gleichem
1186 1411 1455 1456 Standpunkte.
1492 1412 1627 1447 Brutus
1647 1423 1725 1447 war
1789 1445 1790 1461 ,

982 1459 1060 1493 sein
1088 1458 1241 1493 Schiiler
1273 1459 1348 1493 und
1374 1459 1615 1504 Gastfreund,
1648 1459 1723 1494 Cic.
1789 1501 1790 1509 ,

980 1505 1050 1539 mit
1073 1505 1151 1539 ihm
1175 1505 1412 1549 befreundet,
1438 1517 1464 1541 s.
1492 1505 1587 1542 Einl.
1614 1510 1634 1549 ἓ
1660 1510 1692 1540 4.

1028 1553 1244 1594 Antiochus,
1271 1564 1296 1587 s.
1324 1565 1353 1587 z.
1380 1552 1430 1586 III
1456 1556 1512 1595 25,
1540 1556 1596 1589 59.

1022 1602 1151 1643 putat,
1182 1599 1293 1634 niiml.
1319 1600 1452 1634 virtute
1483 1600 1612 1643 confici
1643 1601 1723 1636 bea-

981 1649 1055 1680 tam
1080 1647 1201 1681 vitam.

1023 1693 1224 1737 praefinire
1259 1703 1335 1728 ‘nou
1375 1696 1424 1727 est
1460 1704 1592 1728 meum.-
1636 1694 1724 1729 Dies

981 1741 1065 1785 sagt
1090 1741 1134 1774 A.
1156 1740 1226 1774 mit
1244 1739 1369 1785 Bezug
1389 1740 1456 1775 auf
1471 1740 1530 1776 die
1550 1741 1724 1776 Zurecht-

981 1787 1158 1831 weisung,
1185 1787 1243 1822 die
1270 1798 1310 1821 er
1335 1791 1353 1829 ξ
1376 1790 1417 1821 18
1445 1787 1613 1822 erhalten
1638 1788 1722 1823 hat:

981 1835 1046 1868 etsi
1080 1835 1247 1878 iniquum
1279 1838 1329 1869 est
1353 1835 1601 1878 praescribere
1634 1836 1724 1870 mihi

981 1884 1012 1915 te
1039 1882 1106 1915 cet.

1027 1931 1083 1961 22.
1110 1938 1190 1962 cum
1215 1928 1404 1963 Antiocho.
1449 1927 1514 1962 Als
1542 1927 1621 1963 sich
1648 1927 1722 1965 Cic.

979 1974 1100 2009 seiner
1144 1975 1298 2009 Studien
1341 1974 1470 2009 halber
1516 1975 1555 2009 in
1597 1974 1722 2012 Athen

979 2021 1149 2064 anfhielt‚
1177 2025 1220 2055 79
1247 2033 1279 2056 v.
1308 2021 1388 2057 Chr.

1026 2069 1231 2112 imperator.
1291 2068 1397 2102 Nach
1436 2067 1554 2102 einem
1593 2068 1724 2113 glfiek-

979 2114 1103 2149 lichen
1135 2114 1280 2149 Treffen
1317 2125 1437 2159 gegen
1475 2114 1534 2150 die
1565 2115 1723 2151 Parther

979 2162 1039 2196 bei
1065 2162 1160 2196 Issus
1185 2173 1262 2196 war
1289 2162 1362 2196 Cic.
1388 2172 1462 2195 von
1496 2161 1566 2196 den
1593 2162 1724 2198 Solda-

980 2210 1043 2243 ten
1086 2208 1142 2243 als
1186 2209 1382 2252 imperator
1424 2207 1600 2253 begrfisst.
1656 2209 1723 2245 Bei
1783 2215 1788 2222 ’

981 2255 1100 2290 seiner
1131 2255 1332 2290 Riickkehr
1369 2266 1434 2290 aus
1469 2255 1534 2290 der
1564 2255 1723 2291 Provinz

980 2306 1024 2336 50
1050 2314 1082 2337 v.
1111 2302 1192 2337 Chr.
1220 2302 1350 2337 kehrte
1384 2313 1422 2337 er
1451 2302 1490 2336 in
1514 2303 1636 2337 Athen
1661 2302 1722 2338 bei

980 2349 1124 2384 Aristus
1155 2349 1224 2384 ein.
1277 2349 1311 2384 S.
1337 2349 1438 2384 Brut.
1465 2353 1521 2393 97,
1547 2353 1626 2385 332.

1026 2397 1238 2440 sapientem:
1281 2397 1372 2431 iiber
1415 2397 1486 2430 den
1523 2397 1722 2432 Accusativ

981 2454 1007 2477 s.
1035 2455 1063 2477 z.
1092 2448 1122 2485 5,
1152 2447 1206 2477 12.
1258 2443 1302 2478 de
1335 2454 1385 2478 or.
1413 2442 1446 2477 II
1480 2446 1540 2485 74,
1574 2446 1641 2478 299
1673 2444 1723 2479 ad

983 2489 1247 2525 Themistoclem
1264 2491 1412 2534 quidam
1432 2491 1456 2524 (l
1463 2500 1482 2524 o
1490 2493 1561 2524 ctu
1567 2501 1585 2525 s
1603 2490 1626 2524 h
1633 2500 1652 2525 o
1660 2501 1694 2525 m
1701 2500 1723 2526 ο

980 2556 1023 2561 -
1063 2537 1248 2571 accessisse
1290 2538 1426 2572 (licitur
1469 2537 1569 2581 eique
1611 2541 1724 2572 artem

979 2584 1168 2618 memoriae
1194 2604 1236 2609 —
1258 2585 1446 2628 pollicitus
1476 2594 1548 2618 esse
1577 2593 1614 2618 se
1646 2587 1722 2619 tra-

980 2631 1143 2665 diturum
1152 2644 1163 2672 ;
1189 2641 1269 2665 cum
1294 2632 1354 2665 ille
1380 2631 1589 2676 quaesisset,
1617 2631 1722 2675 quid-

979 2688 1065 2712 nam
1092 2678 1156 2712 illa
1183 2688 1244 2712 ars
1269 2678 1405 2721 efficere
1423 2680 1561 2722 posset,
1586 2678 1722 2713 dixisse

980 2725 1104 2759 illum
1147 2725 1373 2759 doctorem.
1433 2724 1531 2759 Suet.
1573 2723 1658 2759 Oth.
1699 2728 1719 2759 7

977 2770 1129 2806 Dicitur
1156 2792 1199 2796 —-
1219 2772 1435 2815 pavefactus
1466 2771 1617 2815 yemitus
1645 2783 1720 2807 ma-

977 2819 1093 2852 ximos
1126 2819 1278 2853 edidisse
1304 2838 1360 2862 -,
1382 2818 1561 2863 postridie
1585 2828 1722 2863 quoque

1321 761 1397 800 Sed
1441 760 1587 801 Brutus
1628 768 1722 802 tuus
1784 771 1785 774 ’
