1790 3103
277 94 669 130 TUSCULANARUM
696 94 1091 130 DISPUTATIONUM
1120 96 1178 130 ΙΙΙ,
1207 100 1354 131 62-65.
1535 94 1588 135 37

48 205 88 244 in
128 203 235 243 luctu
273 216 362 243 cum
399 206 481 256 ipsa
522 204 729 243 solitudine
772 203 877 255 loqui
918 216 1034 255 saepe
1076 204 1258 256 delectat,
1304 213 1345 244 ut
1386 205 1447 243 illa
1488 205 1588 256 apud

48 262 217 303 Ennium
249 265 397 302 nutrix:

332 332 481 383 Cupido
514 336 619 383 cepit
648 332 833 372 miseram
865 344 972 372 nunc
1003 344 1063 371 me
1090 333 1278 382 proloqui

327 394 438 431 caelo
471 391 590 440 citque
621 397 758 431 terrae
789 390 953 430 Me'deai
981 389 1183 430 miserias:
1302 390 1308 395 ’

1638 446 1659 458 Η

48 473 150 513 Haec
182 475 309 512 omnia
343 480 464 525 recta,
505 486 612 525 vera,
650 473 778 512 debita
809 478 991 524 putantes
1029 473 1176 511 faciunt
1214 475 1250 511 in
1285 473 1435 524 dolore,
1474 446 1655 528 maxi-{4⁴

47 544 185 584 meque
218 532 437 571 declaratur
468 532 562 571 haec
595 533 705 583 quasi
737 532 854 570 officii
880 531 1024 570 iudicio
1052 532 1148 583 fieri,
1181 532 1295 584 quod,
1328 533 1359 570 si
1387 533 1453 582 qui
1480 532 1593 584 sorte,

47 603 136 630 cum
174 603 215 630 se
254 592 293 629 in
331 590 438 630 luctu
477 603 561 629 esse
600 590 758 642 vellent,
803 589 947 641 aliquid
993 591 1172 629 fecerunt
1209 590 1416 629 humanius
1455 596 1522 629 aut
1560 592 1593 629 si

46 649 208 688 hilarius
245 649 364 689 locuti
403 655 510 700 sunt,
549 655 732 688 revocant
769 661 809 687 se
851 661 989 688 rursus
1021 649 1068 688 ad
1100 651 1331 688 maestitiam
1364 650 1592 701 peccatique

47 720 89 747 se
120 708 362 759 insimulant,
402 708 505 759 quod
543 707 675 746 dolere
716 709 1011 746 intermiserint.
1072 708 1221 746 Pueros
1254 721 1345 747 vero
1379 713 1522 746 matres
1555 714 1593 746 et

46 768 222 818 magistri
261 768 448 817 castigare
487 768 602 805 etiam
640 766 783 817 solent3
825 779 897 805 nec
929 766 1058 805 verbis
1096 767 1222 806 solum
1261 767 1328 805 sed
1362 769 1478 806 etiam
1509 779 1591 805 ver—

45 824 222 877 beribus,
261 827 294 864 si
326 825 418 876 quid
451 827 490 863 in
522 825 735 864 domestico
767 825 875 864 luctu
907 825 1068 864 hilarius
1101 825 1148 864 ab
1180 827 1227 864 iis
1259 826 1403 864 sactum
1437 832 1496 864 est
1527 831 1593 863 aut

45 883 205 935 dictum,
235 883 388 935 plorare
421 890 576 935 cogunt.
639 881 768 930 Quid?
800 885 882 935 ipsa
915 885 1094 922 remissio
1127 884 1256 923 luctus
1289 896 1379 923 cum
1410 889 1471 922 est
1502 895 1591 921 con-

48 947 180 981 secuta
211 942 529 994 intellectumque
563 949 622 981 est
652 942 747 981 nihil
778 943 914 993 profici
946 943 1173 994 maerendo,
1211 955 1340 981 nonne
1372 955 1436 981 res
1468 942 1592 981 decla·

48 1007 108 1040 rat
139 1001 259 1040 fuisse
292 1008 415 1040 totum
447 1001 541 1040 iilud
575 999 864 1041 voluntarium?
913 1001 1014 1047 Quid
1047 1002 1109 1040 ille
1142 1002 1402 1040 Terentianus
1434 1003 1517 1052 ipse
1550 1013 1590 1039 se
1607 1009 1650 1039 65

46 1061 246 1111 poeniens‚
277 1060 315 1098 id
348 1067 407 1098 est
440 1056 598 1100 ἑαυτὸν
629 1055 987 1111 τιμωρούμενοςῗ)

286 1130 449 1169 decrevi·
479 1130 675 1180 tantisper
707 1142 767 1169 me
798 1133 926 1168 minus
958 1131 1145 1177 inieiriae,

291 1189 487 1236 Chremes,
518 1201 602 1228 meo
631 1194 755 1237 qnato
783 1188 936 1236 facere,
970 1191 1061 1227 (lum
1090 1188 1187 1236 fia'm
1219 1192 1349 1228 miser.

44 1269 117 1310 Hic
157 1269 335 1309 decernit
375 1277 417 1310 ut
456 1272 576 1309 miser
616 1272 677 1309 sit.

44 1326 218 1368 invitus?

738 1270 839 1310 Num
881 1272 968 1321 quis
1009 1272 1128 1322 igitur
1167 1273 1376 1322 quicquam
1419 1272 1595 1310 decernit

285 1387 394 1427 Malo
427 1389 583 1436 quidem
615 1400 675 1427 me
705 1389 842 1437 quovis
874 1390 1037 1437 diarium
1071 1389 1263 1438 deputem.

45 1457 142 1497 Malo
185 1470 226 1497 se
270 1457 429 1509 dignum
474 1458 650 1510 deputat,
694 1460 768 1498 nisi
811 1460 932 1498 miser
976 1460 1036 1498 sit.

46 1529 144 1570 esse,
176 1529 253 1555 non
285 1522 445 1556 naturae
478 1516 631 1556 malum.

1100 1458 1213 1498 Vides
1259 1472 1353 1511 ergo
1399 1460 1593 1510 opinionis

164 1575 276 1627 Quid,
309 1587 406 1627 quos
438 1588 501 1614 res
533 1577 615 1627 ipsa
646 1576 780 1627 lugere
812 1574 1021 1628 prohibet?
1054 1583 1097 1615 ut
1128 1576 1229 1628 apud
1252 1576 1466 1616 Homerum
1499 1579 1593 1615 coti·

91 1734 196 1767 saepe
226 1723 275 1758 ist
305 1723 374 1758 mit
404 1725 472 1759 alii
503 1735 545 1758 zu
572 1724 784 1767 verbinden,

46 1771 116 1805 wie
141 1780 244 1816 saepe
267 1771 373 1805 multi
398 1771 413 1805 Ι
439 1775 494 1813 30,
523 1775 575 1806 74.

94 1818 195 1862 apud
237 1817 423 1852 Ennium:
465 1818 502 1852 in
546 1818 610 1852 der
654 1818 783 1852 Medea

47 1864 142 1900 exul.
192 1865 234 1899 In
252 1864 455 1909 Euripides'
477 1864 617 1907 Medea,
646 1865 782 1899 welche

47 1910 187 1945 Ennius
206 1923 286 1946 zum
295 1911 472 1946 Vorbilde
492 1911 626 1955 diensse,
640 1911 782 1946 heissen

48 1957 107 1992 die
133 1958 246 1993 Verse
270 1970 305 1993 v.
326 1963 370 1993 56
396 1970 454 1993 so:

47 2001 119 2049 ἐγώ
152 2002 223 2050 γὰρ
255 2002 293 2045 ἐς
323 2002 429 2040 τοῦτ’
466 2001 640 2059 ἐπιβέβηί
675 2002 783 2050 ἄλγη-

47 2093 143 2138 ἇίςθ’
171 2097 297 2144 ἵμερός
322 2097 365 2145 μ’
389 2053 608 2153 infigo-333
636 2112 673 2134 τε
698 2096 782 2134 κού-

50 2191 170 2237 λέξαι,
214 2191 376 2239 μολούσῃ
414 2159 566 2249 δεὲἔέῗ)
588 2194 784 2237 δεσποίνης

471 2253 596 2284 τυχας.

50 2285 181 2321 Medea
211 2297 286 2321 war
317 2299 389 2322 von
414 2288 527 2322 Jason
557 2287 596 2322 in
627 2287 783 2322 Korinth

46 2333 184 2368 treulos
209 2334 413 2369 verstossen
437 2334 594 2369 worden.

92 2380 184 2425 Καρ.
212 2380 274 2416 27.
326 2385 380 2416 64.
418 2392 502 2416 vera
540 2398 583 2410 =
623 2382 720 2416 iusta
756 2393 781 2416 s.

47 2430 104 2472 29,
130 2431 183 2463 73.

93 2475 299 2510 declaratur
337 2495 378 2499 —
417 2476 528 2519 quod:
572 2475 646 2510 Vor
688 2477 783 2520 quod

47 2519 97 2556 ist
120 2531 158 2556 eo
183 2534 226 2557 zu
253 2526 442 2566 erg'imzen.
481 2522 526 2556 de
547 2522 605 2557 off.
625 2523 641 2557 I
663 2526 717 2565 18,
739 2527 779 2557 61

48 2568 254 2604 declaratur
291 2573 407 2604 autem
442 2570 604 2604 studium
643 2570 786 2605 bellicae

0 2621 1 2627 ¹
47 2615 198 2660 olonae,
232 2617 327 2661 quod
357 2619 498 2651 statuas
531 2627 666 2661 quoque
690 2618 784 2652 vide-

49 2672 128 2698 mus
151 2667 284 2698 ornatu
308 2664 383 2706 fere
406 2663 570 2699 militari.

93 2711 199 2754 quasi
228 2711 343 2754 officii
372 2711 527 2752 iudicio,
563 2709 596 2743 d.
622 2710 645 2746 i.
678 2712 784 2755 quasi

47 2756 250 2792 iudicantes
272 2768 308 2792 se
332 2758 452 2800 officio
476 2758 693 2800 satisfacere.

96 2803 306 2846 humanius,
334 2803 615 2849 ‘gemffisigterfl
665 2804 698 2838 ΙΙ
725 2808 781 2847 27,

50 2853 92 2885 65
117 2851 269 2886 humane
292 2852 422 2894 ἴοι-απτ.

902 1736 974 1767 res,
1016 1725 1090 1759 ‘die
1121 1724 1347 1768 Thatsache,
1388 1725 1446 1760 die
1472 1724 1594 1758 Wirk-

856 1771 1037 1806 liehkeit’.

904 1823 956 1853 65.
984 1819 1024 1853 id
1049 1822 1098 1854 est
1124 1814 1260 1853 ἑαυτὸν
1283 1831 1367 1863 τιμ.,
1397 1819 1507 1853 ‘deun
1527 1819 1593 1853 das

855 1865 967 1910 heisst
992 1865 1087 1900 doeh
1113 1878 1146 1900 u.
1163 1865 1265 1900 S.w.'
1315 1866 1385 1900 Wo
1412 1865 1484 1900 Cic.
1512 1865 1592 1900 eine

855 1911 1108 1957 ubersetzung
1121 1912 1221 1947 eines
1235 1912 1491 1957 griechischen
1501 1913 1593 1947 Aus-

855 1959 987 1994 drucks
1012 1959 1134 2004 giebt,
1166 1959 1249 2004 ffigt
1283 1970 1322 1994 er
1346 1959 1451 1994 nicht
1475 1959 1594 1994 selben

856 2018 917 2040 zur
960 2006 1206 2051 Erlauterung
1251 2007 1315 2041 das
1358 2006 1593 2042 Griechische

856 2053 926 2087 mii:
958 2054 998 2088 id
1032 2057 1081 2088 est
1117 2053 1187 2088 bei.
1237 2054 1380 2088 Ebenso
1417 2064 1522 2088 wenn
1556 2065 1594 2088 er

857 2101 949 2134 stati,
986 2101 1085 2135 eines
1122 2099 1174 2134 im
1212 2099 1353 2136 Latein.
1391 2100 1592 2145 gebrauch-

856 2146 979 2182 liehen
1011 2147 1118 2182 einen
1147 2146 1479 2192 ungewohnlichen
1504 2148 1593 2181 Aus-

857 2193 972 2228 druek
997 2205 1218 2239 genommen
1242 2194 1316 2228 hat.
1368 2194 1399 2227 V
1425 2198 1458 2237 3,
1485 2198 1504 2228 9
1530 2194 1592 2230 hos

857 2251 891 2275 se
917 2242 1099 2285 appellare
1123 2242 1322 2285 sapientiae
1346 2242 1534 2283 studiosos,
1553 2242 1594 2276 id

855 2291 905 2322 est
929 2288 1022 2322 enim
1042 2289 1282 2332 philosophos.
1336 2288 1448 2323 Acad.
1476 2288 1510 2322 11
1536 2292 1592 2331 29,

856 2338 898 2369 93
934 2335 1125 2379 quiescere,
1162 2336 1202 2370 icl
1238 2339 1287 2370 est
1323 2336 1418 2380 qaod
1455 2336 1500 2370 ab
1538 2336 1593 2371 his

855 2382 991 2416 dicitur
1016 2379 1226 2426 ἡσυχάζειν.

901 2429 1062 2464 Decrevi.
1113 2429 1195 2464 Ter.
1222 2426 1382 2464 ξΕοιυτὸν
1415 2443 1485 2474 τιμ.
1517 2429 1533 2462 Ι
1561 2433 1592 2474 1,

855 2479 909 2510 95.
945 2475 1012 2511 Die
1039 2476 1152 2511 Verse
1179 2476 1319 2522 sprieht
1342 2475 1592 2519 Menedemus,

854 2522 978 2557 indem
1004 2534 1043 2557 er
1068 2523 1147 2558 sich
1180 2524 1294 2558 selbsi:
1319 2523 1476 2558 dariiber
1501 2524 1592 2558 Vor-

858 2570 971 2604 wiirfe
997 2571 1139 2613 macht,
1171 2569 1251 2604 dass
1278 2581 1316 2605 er
1341 2570 1467 2605 seinen
1493 2570 1593 2604 Sohn

856 2628 984 2661 wegen
1018 2616 1324 2652 unordentlichen
1349 2617 1591 2652 Lebenswan-

857 2663 932 2698 dels
958 2675 1022 2698 aus
1040 2664 1122 2699 dem
1143 2664 1265 2698 Hause
1286 2663 1489 2699 verstossen
1515 2664 1589 2697 hat.

901 2721 986 2753 meo,
1012 2710 1062 2745 ist
1088 2711 1259 2756 einsilbig
1285 2723 1328 2745 zu
1353 2710 1464 2744 lesen.

901 2759 1060 2801 deputat,
1085 2758 1133 2793 ist
1158 2761 1260 2792 sonst
1284 2757 1322 2791 in
1349 2757 1461 2791 Prosa
1486 2755 1592 2789 nieht:

853 2804 1125 2848 gebrauehlich.

900 2852 1000 2895 apud
1020 2852 1224 2886 Homerwn.
1265 2850 1333 2884 Mit
1352 2850 1423 2884 den
1437 2849 1591 2885 Worten
