1833 3098
334 77 726 114 TUSCULANARUM
751 77 1149 113 DISPUTATIONL’M
1175 78 1217 113 V.
1245 81 1393 113 89—94.

97 190 161 230 cui
201 190 397 228 numerari
439 188 610 240 iuberet,

659 185 805 234 ‘QuidP
845 199 912 225 vos
953 184 1150 226 hesterna’

95 247 341 288 intellexistis
372 259 433 286 me
464 249 629 298 pecunia
662 258 740 285 non
772 242 931 297 egereP’

1559 76 1641 117 143

1199 189 1326 238 inquit
1369 184 1522 226 ‘cenula
1564 198 1641 225 non

995 245 1101 290 Quos
1135 258 1223 284 cum
1251 247 1444 284 tristiores
1471 245 1641 297 vidisset,

99 308 256 358 triginta
295 307 419 345 minas
459 307 624 357 accepit,
663 317 710 344 ne
749 305 949 355 aspernari
988 305 1090 354 regis
1129 304 1398 343 liberalitatem
1432 304 1641 343 videretur.

96 367 145 404 At
175 377 267 404 vero
298 364 488 416 Diogenes
528 364 707 415 liberius,
745 369 788 402 ut
820 362 1005 413 Cynicus,
1043 361 1259 400 Alexandro
1298 364 1467 414 roganti,
1506 368 1548 400 ut
1585 362 1701 402 di-92

98 430 223 476 ceret,
255 425 287 462 si
319 423 411 474 quid
443 435 541 474 opus
568 428 689 472 esset,
722 418 849 459 ‘Nunc
877 420 1033 471 quidem
1059 417 1274 471 paululum'
1308 422 1435 471 inquit
1466 418 1501 458 ‘a
1534 418 1641 459 sole.’

98 482 291 522 Ossecerat
339 481 519 520 videlicet
567 481 767 531 apricanti.

828 478 877 518 Et
927 478 988 517 hic
1033 478 1190 530 quidem
1234 478 1431 529 disputare
1484 479 1643 530 solebat,

98 546 241 593 quanto
280 552 412 590 regern
443 539 652 577 Persarum
684 539 761 576 vita
799 538 1034 589 fortunaque
1073 543 1296 588 superaret:
1335 536 1407 575 sibi
1446 536 1541 574 nihil
1579 537 1641 575 de-

98 612 202 651 esse,
233 598 288 637 1111
320 597 414 636 nihil
454 598 548 635 satis
588 608 772 648 umquam
813 597 916 648 fore,
959 608 999 635 se
1041 598 1125 635 eius
1167 595 1383 646 voluptates
1425 607 1501 633 non
1544 594 1642 633 desi-

97 658 252 709 derare,
293 655 435 707 quibus
476 667 687 706 numquam
729 656 859 694 satiari
900 655 962 693 ille
1003 661 1153 706 posset,

98 716 204 755 nullo
237 714 350 754 modo
380 726 507 766 posse.

214 773 344 825 Vides,
377 772 511 825 credo,
543 779 586 812 ut
616 772 812 824 Epicurus
854 772 1068 823 cupiditatu

1196 666 1285 693 suas
1326 666 1415 693 eum
1457 655 1644 705 consequi

96 834 212 872 nimis
244 832 407 870 fortasse
441 831 652 883 subtiliter,
691 831 839 870 utiliter
878 837 1025 870 tamen:
1063 832 1205 881 paitim
1244 842 1328 869 esse
1369 803 1566 869 naturales
1605 837 1643 869 et

96 891 353 942 necessarias,
384 892 527 941 partim
559 890 755 929 naturales
788 896 826 929 et
858 902 935 928 non
968 891 1227 941 necessarias,
1265 890 1408 941 partim
1441 895 1644 940 neutrum3

97 950 338 989 necessarias
371 950 502 987 satiari
533 961 648 1000 posse
686 961 808 1000 paene
848 948 985 999 nihilo,
1023 949 1177 987 divitias
1216 950 1319 986 enim
1358 953 1519 986 naturae
1559 960 1644 986 esse

96 1008 307 1060 parabiles3
346 1007 561 1046 secundum
600 1013 728 1047 autem
768 1019 890 1058 genus
929 1007 1184 1059 cupiditatum
1222 1019 1294 1045 nec
1333 1006 1379 1045 ad
1418 1006 1644 1058 potiendum

98 1067 252 1106 difficile
292 1079 376 1105 esse
416 1073 549 1105 censet
588 1079 659 1106 nec
697 1079 788 1105 vero
827 1066 872 1105 ad
912 1067 1138 1117 carendum3
1180 1067 1333 1118 tertias,
1372 1065 1475 1116 quod
1514 1072 1646 1104 essent

96 1126 209 1178 plane
246 1127 382 1164 inanes
420 1137 547 1176 neque
586 1127 860 1164 necessitatem
900 1125 1032 1177 modo,

99 1186 350 1236 attingerent,
385 1183 560 1223 funditus
593 1184 787 1223 eiciendas
819 1186 978 1235 putavit.

1076 1124 1144 1163 sed
1183 1137 1231 1163 ne
1271 1130 1449 1163 naturam
1488 1123 1645 1175 quidem

100 1245 179 1282 reis
211 1243 460 1294 disputantur
493 1255 638 1294 eaeque
664 1243 881 1294 voluptates
914 1242 1136 1294 singillatim
1170 1248 1448 1293 extenuantur,
1481 1253 1645 1292 quarum

101 1314 242 1354 genera
275 1313 351 1340 non
385 1307 658 1354 contemnunt,
691 1308 886 1353 quaerunt
912 1307 1039 1341 tamen
1067 1304 1235 1353 copiam3
1267 1313 1355 1339 nam
1389 1307 1427 1340 et
1459 1300 1647 1339 obscenas

98 1360 334 1412 voluptates,
366 1359 413 1398 de
446 1360 589 1411 quibus
620 1360 740 1399 multa
775 1360 820 1399 ab
859 1360 935 1399 illis
973 1360 1139 1400 habetur
1177 1361 1318 1412 oratio,
1356 1359 1506 1411 faciles,
1545 1371 1646 1398 com-

98 1431 248 1471 munes,
280 1421 319 1457 in
351 1419 478 1457 medio
513 1421 604 1457 sitas
638 1432 723 1458 esse
756 1419 903 1472 dicunt,
941 1431 1083 1471 easque
1117 1421 1149 1458 si
1181 1425 1321 1458 natura
1352 1420 1538 1469 requirat,
1569 1429 1647 1456 non

99 1490 241 1530 genere
274 1483 340 1516 aut
369 1477 454 1516 loco
488 1483 554 1516 aut
585 1478 739 1530 ordine,
784 1478 850 1517 sed
894 1479 1034 1530 forma,
1078 1485 1220 1529 aetate,
1264 1478 1386 1529 figura
1430 1476 1646 1516 metiendas

99 1614 173 1649 viel
198 1613 253 1649 als
278 1613 384 1658 not-ig
408 1625 493 1648 war.
543 1625 577 1658 p.
607 1615 695 1650 Sull.
717 1619 772 1658 29,
792 1619 835 1650 82

101 1662 142 1696 de
175 1661 231 1696 his
263 1664 405 1695 tantum
436 1662 526 1695 mihi
557 1663 745 1697 dicendum
765 1674 836 1706 pu-

101 1709 194 1749 tavi,
219 1709 313 1752 quod
337 1709 427 1743 satis
451 1712 538 1743 esset
563 1710 611 1744 ad
636 1711 837 1744 testandam

100 1756 258 1791 omnium
285 1756 495 1791 nzenzoriam.

148 1806 202 1837 92.
223 1803 419 1847 paululum
445 1815 467 1837 a
491 1803 578 1846 sole,
602 1803 765 1838 n'amlieh
786 1815 837 1839 re-

99 1850 186 1884 cede.

147 1896 238 1941 Kap.
264 1895 327 1932 33.
379 1900 432 1932 93.
471 1898 610 1952 partim
653 1908 723 1932 esse
766 1900 835 1932 cet.

99 1908 228 1988 Diog.P
245 1943 278 1977 X
317 1947 382 1978 149
423 1941 584 1983 Φυσικὰς
621 1945 684 1978 καὶ
723 1941 835 2000 ἀναγ-

100 1992 210 2030 καίας
236 1988 468 2047 (ἐπιθυμιας)
504 1988 648 2047 ἡςεῖται
684 1988 702 2026 ὁ
737 1988 834 2026 Ἐπί·

100 2050 234 2094 κουρος
258 2037 322 2077 τὰς
333 2035 558 2096 ἀλγηδόνας
586 2035 834 2081 εἷπολῑούσας,

101 2081 151 2125 ὡς
174 2085 299 2119 ποτῶν
327 2082 386 2119 ἐπὶ
414 2086 564 2126 dimove·
605 2083 765 2129 φυσικὰς
791 2084 832 2120 δὲ

101 2131 164 2166 καὶ
190 2128 259 2166 οὐκ
290 2128 499 2176 ἀναγκαίας
531 2130 597 2172 τὰς
627 2131 833 2167 ποικιλλού-

102 2190 168 2218 σας
193 2175 308 2223 μόνον
334 2192 402 2222 την
437 2177 595 2235 ἡδονήν,
638 2177 686 2223 μὴ
727 2176 839 2222 ὑπεξ-

107 2224 331 2269 αιρουμένας
365 2225 407 2260 δὲ
443 2223 483 2260 τὸ
510 2223 674 2271 ἄλγημα,
701 2224 749 2266 ὠς
774 2239 839 2261 πο-

102 2272 233 2328 λυτελῆ
261 2273 373 2306 σιτία·
403 2269 486 2308 οὔτε
513 2272 554 2308 δὲ
577 2271 737 2317 φυσικὰς
756 2271 837 2308 οὔτ’

102 2315 327 2363 ἀναγκαίας,
364 2316 412 2359 ὡς
437 2318 645 2364 στεφάνους
676 2320 739 2355 καὶ
774 2334 839 2355 αν-

103 2365 285 2410 δριάντων
311 2363 524 2406 ἀναθέσεις.

150 2413 281 2455 nihaestlo
299 2413 358 2447 fiir
375 2413 508 2450 nichts.
558 2414 674 2448 nihilo
695 2414 745 2449 ist
764 2415 838 2449 Ab·

103 2459 197 2495 lativ
234 2460 297 2494 des
331 2460 490 2503 Preises,
529 2460 598 2495 wie
636 2462 732 2496 nach
770 2462 841 2497 den

103 2507 249 2542 Verben
274 2518 382 2542 emere
406 2508 481 2542 und
506 2509 663 2543 vendere.

150 2555 299 2589 divitias
323 2558 495 2597 naturae,
530 2555 589 2590 die
615 2555 742 2590 Gaben
776 2555 840 2590 der

103 2601 223 2636 Natur
266 2601 395 2635 stehen
434 2601 558 2645 jedem
602 2613 644 2635 zu
688 2601 838 2637 Gebote.

104 2648 188 2693 Vgl.
220 2648 264 2683 de
290 2648 348 2682 fin.
377 2648 391 2682 Ι
420 2652 480 2692 13,
513 2652 558 2682 45
594 2649 674 2692 ipsa
704 2653 841 2683 natura

105 2695 270 2737 divitias,
323 2695 452 2740 quibus
495 2698 659 2730 contenta
702 2697 766 2737 sit,
810 2699 841 2731 et

101 2743 288 2786 parabiles
312 2746 344 2776 et
368 2742 580 2776 terminatas
604 2742 716 2777 habet.

154 2800 216 2824 nec
244 2800 341 2824 vero:
378 2800 458 2824 vero
495 2789 584 2824 hebt
618 2789 683 2823 das
714 2789 841 2824 zweite

108 2834 213 2871 Glied
243 2836 443 2871 besonders
474 2837 623 2879 hemor,
659 2836 747 2870 ‘und
779 2846 840 2880 ge-

909 1614 990 1649 wiss
1017 1615 1110 1649 auch
1135 1615 1267 1650 nicht’.
1318 1627 1352 1659 p.
1381 1613 1472 1648 Sest.
1509 1617 1568 1655 16,
1602 1617 1645 1648 36

912 1673 1020 1706 neque
1044 1663 1128 1697 huic
1154 1666 1264 1697 vestro
1298 1665 1398 1696 tanto
1429 1661 1549 1695 studio
1581 1672 1646 1695 au-

910 1710 1053 1751 diendi,
1077 1720 1140 1744 nec
1165 1720 1245 1744 vero
1270 1710 1354 1744 huic
1379 1712 1501 1743 tantae
1526 1708 1647 1742 multi·

910 1757 1033 1791 tudini
1058 1777 1100 1781 —
1128 1757 1238 1791 deero.

959 1807 1013 1838 94.
1040 1815 1193 1849 quarum
1227 1814 1357 1848 {fenera
1392 1812 1463 1836 non
1499 1805 1647 1836 contem-

911 1855 1013 1885 nunt.
1065 1850 1235 1885 Gemeint
1268 1850 1350 1885 sind
1385 1850 1444 1884 die
1479 1849 1648 1893 Vergnii-

908 1908 1054 1942 gungen
1093 1897 1157 1932 der
1184 1902 1213 1931 1.
1249 1898 1323 1932 und
1351 1902 1381 1932 2.
1409 1897 1486 1931 Art.
1537 1895 1647 1930 Diese

909 1946 1044 1979 setzten
1071 1944 1129 1979 die
1149 1944 1353 1989 Epikureer
1373 1955 1468 1978 zwar
1494 1943 1546 1977 im
1572 1942 1647 1977 ein-

907 1992 1035 2026 zelnen
1066 1992 1180 2026 herab
1218 1992 1294 2026 und
1328 1991 1477 2026 stellten
1510 1990 1560 2025 sie
1593 1990 1647 2024 als

907 2039 1038 2084 gering
1074 2039 1166 2082 und,
1204 2039 1432 2073 namentlioh
1479 2037 1538 2071 die
1585 2037 1649 2071 der

908 2085 1064 2120 zweiten
1088 2086 1171 2122 Art
1212 2086 1266 2121 als
1304 2084 1535 2121 entbehrlich
1573 2083 1648 2127 hin,

907 2133 994 2167 aber
1038 2133 1089 2167 im
1130 2125 1377 2178 allgemeinen
1411 2131 1649 2166 verachteten

914 2179 964 2214 sie
999 2180 1050 2214 sie
1089 2180 1183 2215 doch
1220 2179 1560 2215 nicht.1ndessen
1597 2177 1648 2213 sie

912 2226 1099 2261 forderten
1149 2226 1207 2261 die
1257 2225 1502 2272 Mogliohkeit
1550 2225 1649 2260 einer

913 2272 1114 2309 leiehten
1163 2274 1238 2308 und
1286 2274 1370 2318 beq
1379 2283 1533 2308 nemen
1582 2271 1650 2306 Be-

914 2321 1120 2366 sehaffung·
1155 2321 1289 2356 sollten
1315 2321 1367 2356 sie
1400 2321 1450 2355 sie
1481 2320 1650 2364 dagegen

913 2368 981 2402 mit
1006 2368 1117 2403 Mfihe
1142 2369 1216 2403 und
1232 2370 1494 2412 Anstrengung
1520 2377 1649 2401 erwer·

912 2415 1001 2459 ben,
1028 2426 1066 2450 so
1093 2416 1342 2451 verzichteten
1362 2416 1412 2450 sie
1432 2415 1548 2449 lieber
1568 2413 1649 2448 dar-

913 2461 984 2496 auf.
1035 2463 1139 2507 copia
1164 2463 1214 2497 ist
1245 2463 1322 2498 also
1355 2461 1540 2502 dasselbe,
1573 2471 1649 2494 was

914 2512 932 2551 ξ
959 2513 1001 2544 99
1029 2511 1131 2554 copia
1156 2511 1278 2553 facilis
1303 2508 1426 2544 heisst.

960 2568 1045 2591 nam
1071 2560 1120 2591 et:
1147 2559 1238 2591 statt
1264 2557 1327 2591 des
1353 2556 1506 2590 zweiten
1532 2558 1563 2589 et
1588 2555 1649 2589 be-

914 2603 1021 2647 ginnt
1046 2607 1065 2645 ἓ
1092 2608 1134 2638 97
1163 2604 1243 2639 eine
1268 2615 1361 2638 neue
1380 2601 1650 2636 Konstruktion

914 2652 1032 2694 Atque
1056 2652 1111 2685 his
1135 2651 1272 2685 similia
1298 2651 1345 2684 αᾱ
1375 2650 1507 2684 rictum
1532 2649 1648 2682 etiam.

913 2697 1127 2741 Vg1.z.1V
1155 2701 1217 2732 35
1246 2701 1289 2731 74
1316 2701 1354 2731 ut
1379 2700 1410 2731 et
1437 2695 1537 2729 illud

960 2755 1082 2787 yenere
1097 2764 1139 2768 —
1154 2745 1291 2786 orclene
1305 2743 1510 2778 Familie—
1522 2741 1647 2776 Stand.

915 2791 1006 2826 Ioco
1045 2790 1102 2824 die
1141 2790 1376 2835 [mg-ebung,
1418 2789 1456 2823 in
1493 2788 1651 2823 weleher

914 2837 978 2871 der
1005 2836 1141 2872 Genuss
1168 2837 1384 2872 stattfinde't.

1075 784 1110 810 m
1149 783 1291 823 genera
1331 771 1524 822 diviserit,
1564 783 1642 810 non
1659 755 1716 797 33

1040 1183 1120 1223 Hoc
1155 1183 1240 1222 loco
1272 1183 1392 1222 multa
1423 1182 1470 1221 ab
1503 1182 1706 1234 Epicu-94
