1790 3103
278 117 673 152 TUSCULANARUM
699 117 1097 153 DISPUTATIONUM
1124 118 1184 153 IV.
1213 122 1362 155 77—80.
1546 118 1602 159 93

0 221 5 231 ¹
48 226 212 268 haberet
243 228 371 278 prins,
404 239 520 278 quam
552 233 656 266 esset
698 227 794 278 ulta,
833 226 1046 266 ulciscendi
1086 227 1223 279 libido,
1261 236 1327 267 aut
1366 240 1602 280 quemquam

0 299 3 313 ³
47 286 286 338 paeniteret,
328 285 431 336 quod
474 286 632 324 fecisset
673 297 743 337 per
779 282 906 324 iram?
948 291 990 323 ut
1027 285 1290 324 Alexandrum
1330 299 1461 338 regem
1500 287 1602 326 vide-

48 356 155 396 mus,
201 345 269 395 qui
310 355 399 383 eum
444 345 708 383 interemisset
752 343 894 382 Clitum
940 343 1167 382 familiarem
1212 357 1345 396 suum,
1391 348 1450 383 vix
1497 358 1515 383 a
1562 358 1602 384 se

46 415 186 442 manus
219 402 424 453 abstinuit3
468 408 572 441 tanta
614 404 670 441 vis
712 403 785 441 suit
821 401 1057 453 paenitendi.
1121 402 1273 448 Quibus
1306 405 1471 453 cognitis
1514 405 1601 454 quis

48 466 108 500 est
140 462 206 512 qui
238 460 391 499 dubitet
423 462 516 511 quin
549 461 612 499 hic
644 473 801 511 quoque
840 466 969 499 motus
1007 462 1124 499 animi
1163 462 1213 499 sit
1251 467 1357 499 totus
1395 461 1601 512 opinabilis

47 532 91 558 ac
135 516 406 557 voluntarius?
469 519 565 564 Quis
616 521 718 557 enim
763 518 951 557 dubitarit
1001 521 1094 570 quin
1140 521 1427 569 aegrotationes
1471 521 1600 569 animi,

44 577 172 629 qualis
204 583 264 616 est
295 578 471 629 avaritia,
503 577 647 628 gloriae
680 577 890 629 cupiditaS,
931 590 976 616 ex
1010 590 1073 629 eo,
1110 578 1213 628 quod
1247 579 1376 629 magni
1409 585 1600 616 aestume-

45 641 112 675 tur
156 648 199 674 ea
242 648 324 687 res,
369 648 415 674 ex
460 648 534 687 qua
579 637 730 675 animus
775 642 967 688 aegrotat,
1011 634 1218 675 oriantur?
1278 636 1388 674 Unde
1427 636 1600 688 intellegi

44 694 164 733 debet
206 693 543 745 perturbationem
588 707 743 745 quoque
789 707 943 733 omnem
989 707 1075 733 esse
1126 697 1165 733 in
1210 696 1404 745 opinione.
1467 695 1516 734 Et
1566 697 1657 734 si80

45 753 222 803 fidentia,
255 752 292 791 id
327 758 386 792 est
417 753 527 791 firma
553 754 671 791 animi
697 753 877 804 confisio,
909 754 1072 792 scientia
1099 753 1288 804 quaedam
1319 759 1378 792 est
1406 759 1443 792 et
1471 755 1602 805 opinio

45 813 174 863 gravis
205 823 283 849 non
316 817 463 850 temere
497 811 770 863 adsentientis,
803 817 930 850 metus
957 824 1113 862 quoque
1142 817 1202 850 est
1228 813 1359 862 opinio
1387 814 1603 863 exspectati

47 874 86 908 et
117 869 367 921 inpendentis
400 869 510 921 mali,
552 876 608 921 et,
652 872 685 908 si
729 883 819 921 spes
864 876 923 909 est
967 871 1206 921 exspectatio
1251 870 1360 922 boni,
1405 870 1494 908 mali
1539 883 1601 909 ex-

45 929 329 980 spectationem
362 940 446 966 esse
480 940 642 967 necesse
676 935 735 967 est
767 934 925 967 metum.
989 928 1057 978 [Ut
1092 930 1212 980 igitur
1245 935 1391 981 metus,
1425 931 1480 967 sic
1513 929 1601 967 reli-

47 999 148 1038 quae
180 986 498 1038 perturbationes
530 993 622 1026 sunt
658 989 698 1025 in
732 986 861 1037 malo.]
925 987 1028 1038 Ergo
1066 993 1111 1026 ut
1148 989 1366 1026 constantia
1405 989 1604 1038 scientiae,

92 1087 186 1133 Kap.
223 1087 287 1123 37.
340 1092 394 1123 79.
439 1091 480 1122 ut
522 1089 788 1134 ᾼῙευαηᾱνῑιυι,

46 1135 211 1170 namlich
230 1136 465 1179 paenituisse
518 1126 616 1170 Uber
642 1135 701 1169 die
725 1135 788 1169 Er-

48 1181 232 1227 mordung
257 1181 321 1216 des
347 1181 470 1216 Klitus
496 1194 539 1216 zu
564 1181 790 1217 Maracanda

47 1242 74 1264 s.
100 1227 234 1263 Ari-ian
258 1228 309 1263 IV
329 1233 360 1264 8.
412 1227 509 1264 Plut.
530 1228 634 1263 Alex.
656 1232 710 1271 50,
731 1233 787 1262 51.

45 1275 144 1311 curt.
177 1274 262 1309 VIII
297 1279 314 1309 1
348 1287 382 1309 u.
417 1279 448 1310 2
477 1296 519 1301 —
546 1268 645 1310 Uber
669 1276 790 1310 videre

44 1322 120 1367 vgl.
147 1326 210 1366 22,
236 1326 291 1356 50.

93 1369 313 1414 opinabiles,
346 1369 378 1404 d.
406 1369 428 1404 i.
461 1370 502 1403 in
530 1369 700 1413 opinione
720 1380 786 1413 po·

43 1417 152 1458 sitae,
177 1416 250 1461 vgl.
276 1418 296 1458 ξ
323 1419 366 1450 75
393 1416 620 1450 accusabilis.

94 1463 184 1508 Quis
203 1463 297 1498 enim
315 1463 506 1498 dubitarit.
541 1462 684 1497 Daraus
705 1462 786 1497 dass

46 1510 106 1545 die
162 1509 318 1554 fibrigen
361 1509 672 1544 Leidensehaften
725 1510 790 1544 auf

44 1556 207 1592 falscher
233 1556 459 1601 Schiitzung,
492 1557 570 1591 also
598 1557 663 1590 auf
687 1555 787 1591 einer

43 1603 273 1648 Einbildung
334 1603 516 1648 bernhen,
573 1603 665 1637 wird
721 1603 786 1638 der

47 1649 194 1685 Schluss
213 1661 393 1695 gezogen,
415 1650 494 1685 dass
516 1650 594 1685 dies
615 1650 708 1684 auch
726 1650 788 1684 bei

44 1697 109 1732 der
133 1697 271 1731 Furcht-
296 1697 360 1732 der
385 1696 468 1731 Fan
495 1697 557 1732 sei.
608 1697 682 1731 Der
701 1697 788 1731 Satz

43 1744 162 1779 bietet:
193 1743 266 1778 Cio.
301 1744 575 1789 Veranlassung
608 1743 688 1778 eine
714 1744 788 1778 An-

44 1791 129 1826 zahl
172 1791 287 1826 sehon
330 1791 456 1825 friiher
499 1791 788 1836 vorgebrach'cer

45 1837 152 1873 Satze
179 1837 351 1872 ziemlieh
385 1838 786 1882 zusammenhangslos,

44 1896 128 1919 zum
154 1884 236 1918 Teil
262 1884 357 1919 anch
393 1885 487 1919 ohne
521 1885 647 1919 rechte
682 1884 788 1919 Klar-

43 1931 126 1966 heit
145 1931 208 1966 des
228 1931 441 1966 Ausdrucks
459 1931 540 1966 hier
559 1943 620 1966 am
641 1930 788 1966 Schluss

43 1978 109 2013 der
134 1978 386 2023 Abhandlung
411 1991 454 2012 zu
481 1978 739 2013 wiederholen.

92 2029 147 2060 80.
173 2025 342 2068 fidentia:
374 2025 418 2059 de
451 2025 524 2060 inv.
557 2025 590 2058 II
623 2029 685 2067 54,
722 2029 786 2060 163

46 2071 225 2106 Fidentia
250 2075 316 2115 est,
349 2083 414 2116 per
447 2083 555 2116 quam
588 2073 731 2116 nmquis
756 2075 789 2106 et

48 2119 203 2154 honestis
228 2119 269 2153 in
293 2119 398 2154 rebus
423 2120 575 2154 multum·
600 2119 676 2163 ipse
707 2121 788 2153 ani-

45 2176 124 2200 mus
154 2165 196 2199 in
227 2176 262 2200 se
295 2166 450 2208 fiduciae
484 2169 579 2201 certa
615 2177 694 2200 cum
727 2177 788 2210 spe

47 2213 243 2247 collocavit.
297 2211 369 2248 Cic.
395 2213 462 2247 hal:
487 2212 565 2247 sich
592 2212 657 2247 das
681 2212 789 2247 XVor‘c

47 2259 165 2293 selbst
189 2258 371 2303 gebifflet,
397 2259 482 2293 weil
506 2260 723 2302 confidentia
743 2271 788 2293 zu

47 2306 111 2341 det
148 2306 229 2340 Zeila
268 2306 400 2341 immet
444 2306 551 2340 einen
587 2306 788 2341 tadelnden

44 2352 314 2397 Nebenbegriff
334 2353 448 2388 hatte.
501 2353 536 2387 S.
563 2352 615 2386 III
643 2358 672 2395 7,
701 2357 755 2388 14.

94 2403 144 2435 est
168 2400 303 2444 opinio.
353 2399 421 2433 Die
441 2400 547 2434 Hdss.
574 2400 695 2434 haben
721 2411 787 2435 me-

46 2450 105 2481 tus
129 2457 266 2491 quoque
290 2450 340 2481 est
365 2447 572 2489 diffidentia
600 2448 668 2482 eet.
714 2446 788 2481 Der

46 2493 562 2539 Gedankenzusammenhang
581 2494 631 2528 ist
649 2493 784 2528 dieser:

46 2552 110 2574 um
135 2552 179 2574 zu
203 2540 403 2582 beweisen‚
430 2540 509 2575 dass
535 2541 608 2576 alle
627 2541 786 2575 Leiden-

47 2586 215 2622 schaften
259 2586 326 2621 auf
365 2587 464 2621 einer
503 2587 670 2622 falschen
696 2587 786 2622 Vor-

49 2633 212 2678 stzellnng
237 2634 324 2668 oder
349 2633 620 2668 willkiirliohen
645 2634 786 2669 Einbil-

48 2680 150 2725 dung
193 2682 306 2724 (error
344 2697 386 2709 =
431 2681 568 2724 opinio)
612 2681 786 2723 beruhen,

49 2726 148 2772 zeigt
172 2727 244 2763 Cic.
280 2727 358 2762 dies
395 2727 571 2762 zuniiehst:
605 2739 653 2761 an
687 2728 787 2763 einer

48 2773 322 2817 Leidensehaft‚
344 2774 408 2809 der
427 2774 574 2808 Furcht.
611 2773 669 2808 Sie
689 2775 788 2809 steht

49 2821 104 2855 als
146 2821 391 2866 gleichartige
435 2821 523 2855 aber
566 2820 787 2856 fehlerhafte

48 2867 206 2913 Regung
225 2868 289 2902 der
309 2867 412 2903 Seele
434 2869 497 2903 der
516 2869 679 2911 fidentia,
699 2869 786 2902 Ver-

861 1090 1008 1131 trauen,
1035 1088 1257 1133 gegeniiber.
1309 1088 1393 1122 Wie
1426 1088 1506 1123 also
1540 1088 1605 1123 das

861 1135 1069 1169 Vertrauen
1106 1134 1171 1169 auf
1206 1135 1326 1169 einem
1357 1135 1506 1170 Wissen
1543 1135 1604 1170 be-

861 1182 965 1226 ruht,
1001 1192 1040 1216 so
1073 1181 1170 1215 muss
1203 1181 1262 1216 die
1293 1182 1432 1216 Furcht
1463 1181 1602 1226 gleich-

861 1228 946 1263 falls
973 1230 1099 1271 (metus
1119 1230 1268 1272 quoque)
1295 1229 1361 1263 auf
1384 1229 1500 1263 etwas
1526 1228 1604 1262 ihm

862 1274 1077 1318 fflmlichen,
1108 1275 1274 1309 n'amlich
1307 1275 1409 1309 einer
1439 1275 1605 1309 willkiir-

861 1321 984 1357 lichen
1019 1322 1197 1367 Meinung
1235 1323 1388 1366 (opinio)
1428 1322 1605 1357 beruhen.

860 1368 1003 1403 Daraus
1041 1369 1130 1404 wixd
1172 1369 1237 1403 der
1274 1368 1419 1413 gleiche
1459 1368 1605 1404 Sehlufs

860 1415 927 1450 auf
942 1415 1015 1450 alle
1030 1416 1324 1460 perturbationes
1342 1416 1418 1450 und
1438 1419 1604 1451 constan-

859 1463 931 1497 tiae
956 1473 1119 1507 gezogen
1145 1462 1496 1505 s.6‚13.Sch0n
1520 1473 1604 1507 quo-

858 1521 926 1554 que
951 1510 1080 1544 deutet
1105 1520 1170 1552 an,
1203 1508 1283 1543 dass
1309 1520 1384 1544 von
1412 1513 1525 1544 metus
1551 1512 1604 1544 et-

859 1567 934 1591 was
972 1557 1173 1591 Ahnliches
1217 1557 1286 1590 wie
1330 1567 1404 1591 von
1453 1557 1603 1599 fidentia

859 1605 1057 1648 ausgesagt
1096 1602 1349 1638 wird.Abe1·
1395 1604 1605 1646 diffidentia

861 1651 1020 1685 alicuius
1056 1651 1110 1685 rei
1146 1649 1323 1685 bedeutet
1354 1650 1487 1685 immer
1522 1651 1604 1685 ‘das

860 1696 1079 1732 Mirstrauen
1104 1707 1225 1742 gegen
1251 1697 1393 1731 etwas’.
1429 1697 1522 1732 Plin.
1544 1708 1601 1742 ep.

860 1743 894 1777 V
922 1748 958 1786 1,
988 1748 1006 1778 7
1033 1745 1216 1779 coheredes
1241 1764 1284 1768 -
1312 1744 1512 1788 tmnsiyere
1544 1754 1604 1779 cu-

857 1791 1009 1835 piebant
1033 1801 1107 1825 non
1140 1791 1349 1833 diffidentia
1383 1801 1514 1825 causae
1544 1792 1606 1826 sed

860 1842 954 1872 metu
989 1841 1196 1882 temporum.
1248 1837 1349 1872 Suet.
1385 1837 1469 1872 Oth.
1506 1841 1525 1872 9
1563 1849 1606 1873 ac

860 1886 982 1919 statim
1016 1885 1194 1919 ‘moriendi
1232 1885 1402 1928 impetum
1441 1886 1534 1929 cepit
1560 1905 1603 1910 -—

861 1932 976 1975 mayis
996 1932 1138 1975 pudore
1159 1951 1201 1956 —
1223 1943 1331 1975 quam
1357 1932 1605 1975 desperatione

860 1979 939 2013 ulla
965 1982 1030 2013 aut
1054 1978 1264 2021 diffidentia
1283 1979 1480 2022 copiarum.
1532 1979 1604 2022 dif-

859 2025 1011 2068 fidentia
1049 2025 1195 2060 verhfflt
1237 2025 1316 2059 sich
1359 2037 1402 2059 zu
1442 2026 1605 2068 fidentia,

860 2072 930 2106 wie
955 2072 1122 2115 diffidere
1153 2084 1198 2106 zu
1228 2073 1354 2115 fidere,
1392 2071 1468 2106 und
1506 2073 1604 2115 diffi—

860 2119 985 2154 dentia
1003 2120 1093 2154 mali
1111 2119 1211 2154 kann
1232 2119 1388 2153 deshalb
1403 2119 1484 2152 hier
1498 2120 1605 2154 eben-

861 2166 1025 2210 sowenig
1057 2167 1190 2210 gesagt
1218 2166 1382 2209 werden,
1416 2165 1485 2200 wie
1518 2177 1605 2201 man

861 2223 975 2257 sagen
1000 2212 1100 2246 kann
1132 2213 1282 2246 timidus
1316 2216 1383 2255 est,
1416 2213 1479 2256 qui
1510 2215 1605 2248 malo

861 2260 1009 2302 diffidit.
1062 2260 1269 2305 diffidentia
1295 2259 1346 2293 ist
1365 2260 1501 2294 ebenso
1523 2260 1604 2295 eine

860 2306 1108 2340 willksirliche
1144 2306 1363 2351 Anderung,
1400 2306 1469 2341 wie
1504 2311 1523 2349 ἓ
1560 2312 1603 2343 66

860 2353 1036 2396 confidere
1055 2353 1114 2387 fiir
1133 2364 1256 2388 cavere
1275 2353 1518 2398 gesehrieben
1543 2354 1602 2390 ist.

908 2404 948 2434 ut
972 2401 1088 2444 iyitur
1115 2420 1158 2425 —
1184 2401 1225 2434 in
1258 2401 1363 2435 malo.
1413 2399 1487 2434 Der
1512 2401 1604 2436 Ans-

861 2447 977 2481 druck
1020 2446 1070 2481 ist
1112 2447 1331 2482 undeutlich
1374 2447 1450 2480 und
1492 2459 1604 2493 unge-

858 2494 1018 2536 schiekt3
1046 2505 1083 2528 es
1108 2493 1241 2529 msisste
1261 2493 1485 2538 wenigstens
1506 2495 1603 2529 heis-

859 2551 923 2575 sen
954 2544 1040 2576 sunt
1070 2541 1111 2574 in
1145 2542 1234 2576 vitio
1272 2541 1360 2575 oder
1386 2541 1535 2576 vitiosae
1563 2546 1602 2586 (s.

860 2592 898 2630 7,
933 2589 1000 2630 14).
1051 2587 1186 2622 Ferner
1231 2599 1294 2623 aus
1339 2587 1410 2622 den
1454 2589 1603 2624 vorher-

859 2634 1212 2716 {ffissnd‘iss'eiffisssffl
1243 2635 1468 2715 ἒὲῖἳῖὲῑέἐῗ
1500 2636 1604 2717 Πέἒῗῗ

1448 2709 1456 2723 ,
1589 2696 1603 2717 s

860 2728 999 2762 Furchl:
1035 2728 1111 2762 und
1149 2729 1221 2763 alle
1255 2729 1415 2763 anderen
1450 2727 1602 2763 Leiden-

861 2775 1029 2809 schaften
1049 2776 1163 2809 etwas
1183 2776 1296 2809 Boses
1317 2774 1408 2808 sind.
1444 2774 1602 2810 Endlich

860 2822 986 2856 wiirde
1013 2832 1050 2856 es
1077 2833 1169 2865 ganz
1190 2820 1407 2864 iiberflfissig
1427 2820 1515 2865 sein,
1537 2833 1602 2858 aus

862 2868 946 2903 dem
972 2868 1220 2912 allgemeinen
1248 2867 1352 2902 Satze
1379 2871 1464 2902 sunt
1489 2889 1534 2894 —
1561 2871 1601 2905 in
