1817 3103
259 91 655 127 TUSCULANARUM
680 90 1080 126 DISI’L'TATIONUM
1107 92 1149 126 11.
1176 96 1325 128 43—46.
1513 92 1569 132 &5

18 172 283 298 molestiaefg
308 200 420 239 Nunc
453 212 524 251 ego
563 211 640 238 non
680 211 837 250 possum
878 205 1028 238 tantum
1067 200 1261 240 hominem
1301 202 1394 240 nihil
1433 215 1568 254 sapere
1584 208 1629 238 45

20 261 170 312 dicere,
208 272 248 298 se
315 271 386 297 nos
426 257 472 296 ab
512 270 557 296 eo
596 258 767 296 derideri
799 264 904 308 puto.
968 258 1048 308 Ego
1081 270 1276 297 summum
1309 260 1483 299 dolorem
1516 284 1568 288 —

21 331 216 359 summum
250 323 380 356 autem
413 316 517 367 dico,
552 318 668 355 etiam
707 318 739 354 si
778 316 912 354 decem
952 318 1090 354 atomis
1129 323 1188 355 est
1225 319 1348 355 maior
1386 318 1483 357 alius
1516 342 1568 348 ›—

21 389 98 417 non
132 378 318 415 continuo
352 387 437 413 esse
464 375 550 413 dico
578 374 735 413 brevem
767 374 989 425 multosque
1022 387 1180 425 possum
1215 374 1338 413 bonos
1371 377 1472 413 viros
1506 391 1571 416 no-

21 437 181 486 minare,
207 436 275 485 qui
301 433 510 484 conplures
537 445 658 471 annos
685 432 885 471 doloribus
912 433 1102 483 podagrae
1131 435 1358 472 crucientur
1387 436 1573 474 maximis.

23 493 100 532 Sed
133 493 248 531 homo
281 498 391 530 catus
419 503 629 542 numquam
657 492 840 529 terminat
866 503 937 529 nec
965 491 1242 541 magnitudinis
1276 504 1346 530 nec
1380 492 1571 532 diuturni-

21 553 111 591 tatis
145 551 320 602 modum,
354 556 395 588 ut
427 551 546 587 sciam
579 549 671 600 quid
705 561 900 587 summum
933 549 1036 588 (licat
1068 551 1104 587 in
1139 550 1291 602 dolore,
1329 550 1422 600 quid
1455 550 1572 589 breve

20 612 61 649 in
93 616 280 660 tempore.
344 608 579 647 Omittamus
617 607 719 645 hunc
758 609 878 658 igitur
911 607 1006 646 nihil
1038 620 1202 659 prorsus
1235 608 1430 647 dicentem
1463 621 1572 659 coga-

21 680 187 719 musque
220 668 398 705 confiteri
428 678 505 704 non
539 678 625 704 esse
663 665 710 704 ab
748 678 794 704 eo
834 665 978 704 doloris
1018 667 1189 705 remedia
1228 667 1467 718 quaerenda,
1507 669 1574 718 qui

21 725 196 765 dolorem
230 725 419 763 malorum
452 725 626 762 omnium
659 736 882 762 maxumum
916 724 1075 776 dixerit,
1114 727 1288 775 quamvis
1327 725 1428 763 idem
1465 726 1572 765 sorti-

22 784 154 824 culum
194 796 235 822 se
274 785 312 821 in
352 782 586 821 torminibus
624 789 662 821 et
706 784 745 821 in
783 785 1003 833 stranguria
1042 795 1111 821 sua
1149 783 1344 834 praebeat.
1408 784 1572 823 Aliunde

21 844 141 894 igitur
173 848 233 881 est
264 840 486 892 quaerenda
518 840 710 879 medicina
743 846 781 879 et
812 843 977 879 maxime
1010 841 1185 893 quidem,
1218 843 1251 880 si
1283 842 1376 892 quid
1409 845 1574 881 maxime

22 907 327 941 consentaneum
367 901 417 937 sit
457 901 700 950 quaerimus,
742 899 788 937 ab
830 901 894 951 iis,
936 899 1078 950 quibus
1120 900 1224 951 quod
1265 900 1475 940 honestum
1516 907 1575 940 est

24 971 220 999 summum
262 958 425 1009 bonum,
471 958 573 1008 quod
618 963 732 1008 turpe
774 970 970 996 summum
1012 958 1165 997 videtur
1203 959 1356 998 malum.
1419 959 1488 998 His
1533 966 1574 998 tu

22 1017 296 1070 praesentibus
329 1028 485 1066 gemere
519 1023 558 1055 et
590 1017 732 1055 iactare
771 1024 808 1055 te
848 1029 924 1055 non
958 1017 1119 1057 audebis
1157 1018 1353 1068 prosect03
1392 1018 1576 1069 loquetur

22 1078 125 1114 enim
159 1088 294 1114 eorum
327 1087 420 1113 voce
454 1074 585 1113 Virtus
617 1077 698 1125 ipsa
734 1081 880 1113 tecum:
1591 1113 1616 1143 9

140 1134 269 1184 Tune,
302 1145 391 1172 cum
422 1145 567 1183 pueros
600 1133 909 1183 Lacedaemone,
942 1133 1212 1172 adulescentes
1240 1134 1456 1186 Olympiae,
1489 1113 1648 1195 bar-3533

23 1193 138 1232 baros
177 1194 216 1231 in
257 1192 399 1229 harena
432 1191 576 1229 videris
609 1193 849 1242 excipientes
881 1193 1128 1241 gravissimas
1160 1192 1290 1242 plagas
1329 1199 1368 1231 et
1406 1194 1577 1232 serentes

23 1251 196 1302 silentio,
229 1252 260 1289 si
294 1255 331 1288 te
365 1250 464 1289 forte
497 1249 608 1288 dolor
641 1250 781 1300 aliquis
807 1250 1051 1301 pervellerit,
1084 1250 1317 1289 exclamabis
1351 1258 1392 1289 ut
1423 1252 1577 1303 mulier,

22 1322 100 1349 non
139 1313 366 1348 constanter
404 1314 443 1346 et
487 1308 618 1346 sedate
659 1306 792 1346 feres?
854 1305 980 1346 ‘Ferri
1019 1321 1096 1346 non
1134 1314 1281 1360 potest3
1324 1316 1461 1348 natura
1499 1323 1578 1349 non

22 1364 196 1421 patitur.'
232 1389 284 1394 —
317 1366 453 1405 Audio.
516 1366 635 1405 Pueri
669 1367 801 1405 ferunt
832 1366 952 1417 gloria
987 1367 1111 1419 ducti,
1150 1368 1283 1406 serunt
1319 1368 1469 1419 pudore
1503 1369 1580 1421 alii,

23 1426 136 1466 multi
162 1432 286 1478 metu,
319 1430 358 1463 et
382 1431 512 1463 tamen
540 1437 738 1475 veremur,
771 1431 813 1463 ut
841 1425 931 1478 hoc,
965 1425 1067 1476 quod
1095 1438 1114 1464 a
1142 1432 1218 1465 tam
1247 1427 1380 1465 multis
1410 1434 1448 1465 et
1474 1428 1579 1478 quod

25 1491 83 1524 tot
113 1485 208 1523 locis
241 1484 483 1536 perferatur,
514 1489 652 1522 natura
685 1481 883 1535 patiatur?
938 1483 1004 1522 Illa
1037 1496 1128 1522 vero
1161 1497 1239 1523 non
1272 1485 1386 1524 modo
1419 1488 1578 1537 patitur,

26 1555 160 1583 verum
199 1545 314 1582 etiam
352 1542 540 1594 postulat:
585 1542 679 1580 nihil
719 1544 822 1580 enim
861 1542 977 1581 habet
1014 1545 1294 1595 praestantiuS,
1339 1544 1434 1582 nihil
1473 1545 1578 1595 quod

24 1603 148 1653 magis
190 1607 345 1652 expetat
386 1612 502 1651 quam
543 1600 786 1639 honestatem
829 1613 944 1651 quam
986 1601 1156 1654 laudem,
1197 1614 1313 1653 quam
1351 1602 1579 1653 dignitatem

26 1672 143 1712 quam
174 1660 305 1699 decus.
369 1659 484 1697 Hisce
524 1671 594 1709 ego
633 1658 812 1710 pluribus
852 1659 1075 1698 nomInibus
1113 1672 1230 1699 unam
1269 1673 1350 1699 rem
1389 1661 1579 1700 declarari

27 1718 132 1771 volo,
165 1718 232 1757 sed
262 1724 369 1770 utor,
402 1723 444 1756 ut
477 1729 592 1768 quam
620 1719 784 1756 maxime
819 1718 1050 1769 significem,
1082 1718 1272 1769 pluribus.
1323 1718 1416 1758 Volo
1449 1726 1579 1759 autem

44 1905 130 1937 Δ45.
155 1901 284 1936 Nunc:
322 1901 391 1935 wie
426 1900 484 1934 die
524 1900 640 1936 Sache
674 1900 768 1945 jetzt

29 1949 144 1991 steht,
177 1948 224 1982 da
249 1959 316 1982 uns
342 1947 483 1992 Epikur
509 1947 589 1982 eine
614 1947 766 1982 Ausein-

28 1995 296 2038 andersetzung
329 1995 496 2039 gegeben
533 1994 616 2037 hat,
654 1994 767 2028 deren

840 1896 908 1934 οὐκ
947 1896 1198 1935 ἀπολείποντα
1243 1903 1308 1936 τοῦ
1355 1899 1396 1937 ἐν
1435 1898 1582 1943 ἑαυτοῖς

839 1944 1043 1991 μεγέθους,
1071 1944 1406 1991 αντιπαρετάττετο
1427 1948 1468 1984 δὲ
1490 1950 1580 1984 πᾶσι

838 1992 984 2033 τούτοις
1010 1993 1049 2028 τὸ
1076 1992 1171 2029 κατὰ
1204 1993 1331 2051 ψυχὴν
1363 2000 1492 2040 χαῖρον
1519 1995 1581 2031 ἐπὶ

31 2040 292 2077 Verkehrtheit
310 2052 350 2076 so
371 2041 435 2076 auf
451 2041 517 2075 der
535 2041 645 2075 Hand
663 2041 765 2085 liegt.

28 2088 112 2134 Vgl.
127 2088 180 2122 ΠΙ
196 2092 226 2131 1,
240 2092 260 2123 2
275 2099 373 2123 nunc
388 2088 555 2132 parvulis
574 2088 678 2123 nobis
697 2090 766 2122 eet.

76 2136 191 2171 decem
233 2137 378 2177 atomis,
425 2135 482 2170 ein
527 2134 637 2179 Spott
677 2135 768 2169 iiber

29 2181 188 2228 Epikurs
208 2181 342 2225 Lehre,
368 2182 463 2216 nach
484 2181 549 2216 der
573 2182 678 2216 nicht
701 2193 770 2216 nur

30 2229 88 2264 die
113 2229 233 2272 We1t,
265 2229 421 2263 sondern
452 2229 546 2263 auch
579 2229 637 2263 die
665 2229 769 2263 Seele

31 2276 106 2311 und
137 2275 196 2310 die
235 2275 523 2320 Eigenschaften
561 2274 626 2310 der
665 2275 769 2310 Seele

30 2333 96 2358 aus
120 2322 379 2367 korperlichen
404 2324 563 2356 Atomen
593 2322 771 2357 bestehen

31 2368 158 2405 sollen.

76 2420 178 2451 catus
208 2415 257 2450 ist
288 2416 383 2450 nach
420 2415 514 2450 Non.
552 2427 587 2460 p.
627 2419 670 2449 92
708 2426 770 2460 ge-

33 2463 234 2498 schrieben.
286 2461 360 2496 Das
374 2462 482 2497 Wort
506 2473 581 2497 war
606 2475 649 2497 zu
669 2462 769 2497 Cice-

33 2520 92 2544 ros
120 2509 200 2544 Zeit
223 2508 361 2544 bereits
387 2509 556 2544 veraltet.

80 2560 120 2591 ut
143 2557 271 2598 sciam,
303 2567 328 2590 s.
362 2568 390 2590 z.
423 2557 438 2589 Ι
469 2560 531 2599 26,
564 2559 608 2591 64
640 2559 680 2590 ut
710 2566 771 2600 eyo

28 2606 159 2647 putem.

78 2650 119 2684 in
138 2651 362 2685 torminibus.
404 2651 461 2683 An
482 2648 620 2684 seinem
637 2649 772 2684 Todes·

35 2695 119 2741 tage
150 2697 294 2731 sohrieb
326 2696 468 2741 Epikur
499 2698 540 2741 (s
575 2696 620 2731 de
645 2696 704 2730 fin.
740 2695 773 2729 II

37 2745 92 2786 30,
117 2746 172 2778 96.
221 2743 326 2788 Diog.
360 2743 393 2777 X
418 2744 478 2787 22)
517 2754 565 2777 an
601 2743 772 2777 Hermar-

37 2789 142 2824 chus:
166 2792 420 2844 στραγγουρία
430 2803 466 2824 τε
486 2787 775 2846 παρηκολουθή

36 2847 94 2870 κει
113 2835 177 2870 καὶ
189 2834 426 2881 δυςεντερικὰ
442 2834 550 2882 παθη
564 2834 775 2882 ὑπερβολὴν

839 2041 891 2094 137)-
910 2040 982 2074 τῶν
1021 2039 1229 2085 γεγονότων
1267 2039 1356 2086 ἡμῖν
1394 2045 1580 2087 διαλογισ-

838 2088 916 2132 μῶν
943 2086 1077 2133 μνήμῃ.

889 2136 1024 2169 iactare
1049 2140 1098 2177 te,
1130 2135 1210 2169 hier
1236 2136 1340 2170 nicht
1365 2137 1404 2170 in
1429 2136 1494 2172 der
1520 2147 1580 2182 ge-

842 2181 1075 2216 wohnlichen
1106 2182 1326 2226 Bedeutung
1366 2183 1459 2218 ‘sich
1497 2184 1581 2218 brii-

843 2228 952 2270 sten',
999 2229 1156 2263 sondern
1198 2240 1264 2264 vor
1302 2230 1473 2265 Sehmerz
1519 2231 1584 2265 hin

842 2275 916 2308 und
957 2275 1022 2309 her
1059 2276 1213 2318 werfen
1255 2277 1324 2311 wie
1357 2276 1433 2311 Cat.
1472 2277 1488 2310 Ι
1528 2282 1583 2320 13,

842 2325 884 2356 31
924 2321 1080 2357 hommes
1107 2343 1149 2347 —
1176 2334 1254 2357 eum
1287 2327 1387 2359 aestu
1423 2324 1585 2370 febn'que

842 2369 1038 2404 metantur.

888 2415 982 2460 Kap.
1009 2415 1072 2451 2.0
1123 2421 1178 2452 46.
1218 2418 1347 2461 audio,
1387 2418 1467 2452 ‘das
1499 2418 1586 2453 lassi:

843 2461 922 2496 sich
962 2462 1106 2497 heren’.
1156 2476 1194 2508 p.
1228 2464 1261 2498 S.
1301 2464 1406 2500 Rosc.
1449 2469 1502 2508 18,
1541 2469 1584 2500 52

844 2510 972 2551 audio,
998 2521 1096 2544 nune
1121 2511 1214 2545 dicis
1233 2511 1392 2555 aliquid,
1417 2513 1511 2556 quod
1536 2513 1587 2547 ad

845 2567 915 2590 rem
946 2557 1139 2600 pertineat.
1190 2557 1240 2591 Π).
1273 2562 1335 2601 21,
1368 2562 1411 2593 58
1449 2560 1587 2601 Audio,

844 2603 904 2637 sed
940 2614 1012 2647 qua
1049 2604 1091 2638 cle
1129 2615 1239 2639 eausa
1272 2606 1385 2640 vereri
1415 2607 1587 2647 debuerit,

844 2660 944 2684 nemo
969 2650 1068 2684 dicit.

891 2697 1028 2741 fior-ia,
1071 2697 1186 2732 durch
1224 2698 1295 2733 den
1333 2698 1470 2740 Ruhm‚
1517 2698 1588 2732 den

847 2742 899 2777 sie
925 2755 968 2777 zu
994 2744 1169 2788 erlangen
1195 2744 1333 2787 hoffen‚
1363 2744 1395 2777 d.
1423 2744 1444 2779 i.
1473 2744 1588 2778 durch

846 2789 1021 2833 Ehrgei2‚
1049 2790 1081 2824 V
1107 2794 1160 2832 10,
1187 2795 1229 2825 31
1257 2803 1328 2835 qua
1353 2792 1471 2836 [floria
1497 2802 1587 2826 eom-

846 2839 970 2870 motus.
