1790 3103
153 50 236 91 104
675 50 722 86 M.
750 49 911 84 TULLII
937 49 1190 86 CICERONIS

93 144 136 225 1}
270 160 313 197 Α.
346 159 443 198 Non
483 159 595 198 mihi
636 160 825 199 videtur
864 160 916 198 ad
956 159 1090 198 beate
1123 160 1375 198 vivendum
1415 163 1531 200 satis
1569 175 1711 214 posse

151 219 390 256 virtutem.
448 219 503 256 M.
536 219 585 257 At
616 217 775 257 hercule
802 218 923 256 Bruto
958 230 1043 256 meo
1071 218 1236 270 videtur,
1270 220 1381 257 cuius
1412 231 1483 269 ego
1509 221 1710 274 iudicium,

150 288 245 327 pace
284 282 351 315 tua
389 277 573 329 dixerim,
617 277 730 328 longe
777 282 970 328 antepono
1015 282 1094 315 tuo,
1156 278 1201 315 Α.
1240 276 1325 315 Non
1363 276 1517 330 dubito,
1559 292 1632 319 nec
1670 280 1708 319 id
1761 283 1763 292 ¹

152 347 256 374 nunc
295 336 440 387 agitur,
484 342 525 374 tu
562 335 672 374 illum
711 342 899 386 quantum
938 347 1063 387 ames,
1106 335 1174 374 sed
1213 335 1305 386 hoc,
1352 336 1455 386 quod
1496 337 1591 376 mihi
1628 339 1708 377 dixi

151 394 276 432 videri
308 394 420 445 quale
453 396 515 444 sit,
547 394 594 432 de
628 406 704 445 quo
738 406 757 431 a
791 400 827 432 te
861 393 1053 445 disputari
1085 393 1181 432 volo.
1246 394 1300 432 M.
1332 393 1480 445 Nempe
1512 407 1630 447 negas
1662 396 1709 435 ad
1763 419 1765 433 2

151 451 263 491 beate
297 453 504 492 vivendum
538 454 631 491 satis
663 464 779 503 posse
806 450 1019 491 virtutem?
1067 454 1112 490 Α.
1140 452 1308 491 Prorsus
1335 464 1445 503 neg0.
1498 454 1551 493 M.
1580 452 1711 500 Quid?

153 511 200 550 ad
231 517 352 562 recte,
384 512 561 562 honeste,
595 510 851 562 laudabiliter,
883 516 1083 561 postremo
1116 511 1162 549 ad
1195 510 1295 549 bene
1324 511 1532 549 vivendum
1565 515 1710 552 satisne

153 576 213 608 est
243 570 428 621 praesidii
459 571 499 608 in
531 567 705 608 virtute?
760 570 804 607 Α.
838 568 953 608 Certe
986 571 1090 608 satis.
1144 570 1196 608 M.
1230 568 1346 608 Potes
1378 571 1499 621 igitur
1530 577 1608 623 aut,
1642 573 1710 622 qui

153 628 251 667 male
278 630 390 679 vivat,
423 640 500 666 non
533 640 622 666 eum
655 629 843 666 miserum
870 627 1014 678 dicere,
1046 634 1124 679 aut,
1157 640 1273 678 quem
1302 627 1402 666 bene
1430 629 1588 681 fateare,
1619 642 1711 669 eum

152 698 295 738 negare
328 686 441 725 beate
474 684 633 725 vivere?
694 688 738 724 Α.
773 685 917 732 Quidni
955 684 1133 737 possim?
1183 686 1278 724 Nam
1320 688 1435 725 etiam
1468 688 1507 725 in
1539 693 1711 727 tormen-

153 746 202 783 tis
241 750 367 796 recte,
401 745 584 797 honeste,
622 745 867 784 laudabiliter
907 751 945 783 et
983 745 1031 783 ob
1070 757 1155 783 eam
1193 757 1277 783 rem
1316 745 1415 783 hene
1455 746 1530 784 vivi
1568 751 1712 799 potest,

153 803 247 842 dum
280 804 394 842 modo
426 803 628 854 intellegas
662 804 754 855 quid
788 816 892 842 nunc
925 803 1050 842 dicam
1083 803 1200 855 bene3
1233 804 1319 842 dico
1352 805 1457 842 enim
1486 810 1713 844 constanter

96 870 138 902 13
154 864 337 915 graviter,
369 864 566 914 sapienter
599 863 764 901 fortiter.
814 862 918 901 Haec
951 864 1066 901 etiam
1093 863 1132 900 in
1160 862 1341 901 eculeum
1368 864 1601 915 coiciuntur,
1635 875 1713 914 quo

153 923 228 960 vita
262 934 341 959 non
368 921 541 972 adspirat
566 921 689 959 beata.
753 922 807 959 M.
836 921 936 966 Quid
963 918 1110 971 igitur?
1143 920 1274 958 solane
1301 920 1412 959 beata
1437 922 1526 973 vita,
1553 934 1712 974 quaeSO,

154 980 393 1030 relinquitur
431 985 540 1017 extra
579 981 722 1018 ostium
761 979 958 1030 limenque
1000 981 1187 1030 carceris,
1226 990 1316 1017 cum
1353 981 1592 1032 constantia,
1630 992 1716 1031 gra·

155 1040 271 1090 vitas,
311 1038 519 1089 fortitudo,
559 1039 748 1089 sapientia
789 1038 1042 1088 reliquaeque
1073 1038 1240 1076 virtutes
1278 1038 1481 1088 rapiantur
1513 1038 1559 1076 ad
1592 1044 1714 1077 torto-

156 1108 240 1135 rem
272 1096 501 1147 nullumque
535 1102 721 1135 recusent
752 1109 825 1134 nec
858 1096 1093 1148 supplicium
1131 1108 1204 1134 nec
1236 1093 1440 1134 dolorem?
1501 1098 1546 1135 Α.
1578 1097 1651 1148 Tu,
1682 1098 1716 1136 si

157 1155 249 1206 quid
283 1167 324 1194 es
352 1156 546 1206 facturus,
584 1167 682 1194 nova
721 1155 848 1206 aliqua
881 1156 1091 1205 conquiras
1123 1160 1290 1205 oportet.
1354 1154 1430 1192 Ista
1462 1166 1522 1193 me
1556 1157 1714 1194 minime

157 1221 332 1265 movent,
370 1226 447 1252 non
487 1213 613 1252 solum
653 1215 742 1264 quia
780 1213 1005 1265 pervolgata
1043 1218 1151 1264 sunt,
1190 1213 1258 1251 sed
1297 1212 1418 1251 multo
1451 1215 1592 1266 magis,
1624 1215 1715 1264 quia

158 1279 354 1323 tamquam
393 1272 491 1311 levia
530 1273 720 1324 quaedam
752 1274 839 1311 vina
877 1272 973 1310 nihil
1004 1271 1132 1310 valent
1169 1273 1209 1309 in
1247 1283 1364 1323 aqua,
1403 1273 1458 1310 sic
1492 1271 1717 1311 Stoicorum

157 1333 230 1370 ista
262 1333 384 1381 magis
416 1337 569 1382 gustata
608 1343 724 1382 quam
761 1337 892 1382 potata
929 1330 1135 1369 delectant.
1198 1329 1311 1369 Velut
1348 1331 1422 1369 iste
1463 1330 1608 1369 chorus
1640 1332 1714 1369 vlr-

156 1395 286 1429 tutum
324 1391 364 1428 in
402 1389 582 1428 eculeum
622 1391 816 1441 inpositus
854 1391 1043 1440 imagines
1082 1390 1287 1427 constituit
1325 1394 1414 1427 ante
1453 1389 1587 1428 oculos
1626 1401 1717 1428 cum

159 1448 397 1499 amplissima
435 1448 641 1501 dignitate,
679 1454 723 1487 ut
755 1449 801 1487 ad
840 1461 905 1487 eas
938 1449 1084 1487 cursim
1122 1453 1352 1498 perrectura
1390 1459 1463 1486 nec
1502 1460 1566 1486 eas
1603 1447 1717 1486 beata

205 1537 298 1582 Kap.
326 1538 365 1572 5.
416 1541 470 1572 12.
496 1538 648 1573 videtur.
687 1537 762 1573 Der
785 1539 903 1573 Aecu—

977 1558 1020 1562 —
1049 1537 1229 1580 adspirat,
1256 1536 1289 1571 d.
1305 1537 1328 1571 i.
1350 1537 1545 1579 adnititur,
1570 1537 1718 1572 accedit.

159 1585 254 1619 sativ
286 1584 355 1618 mit
387 1584 471 1619 dem
496 1585 660 1619 Infinitiv
696 1585 756 1619 bei
788 1586 904 1620 videri

161 1631 262 1666 steht
296 1631 406 1666 meist
441 1643 510 1666 nur
545 1631 605 1666 bei
638 1632 729 1666 mihi
762 1633 905 1667 videtur

160 1696 203 1707 =
230 1679 320 1713 mihi
339 1679 470 1722 placet.
515 1678 592 1714 Liv.
614 1678 766 1713 XXXVI
795 1683 855 1723 13,
883 1684 903 1714 9

161 1726 250 1770 quia
274 1725 466 1760 videbatur
491 1729 523 1760 et
547 1726 762 1761 Limnaeam
787 1727 905 1761 eodem

160 1775 314 1817 tempore
333 1773 542 1817 oppuyuari
553 1783 669 1817 posse.
715 1772 802 1807 Sall.
825 1774 903 1818 Iug.

160 1822 217 1862 85,
239 1823 259 1853 2
285 1820 346 1854 secl
371 1820 460 1854 mihi
484 1824 611 1855 eontra
636 1831 678 1854 ea
695 1821 839 1855 videtur
860 1841 903 1845 —

161 1877 199 1901 eo
228 1867 364 1901 maiore
395 1877 486 1901 cura
516 1868 618 1901 illam
647 1868 905 1902 administrari

160 1924 269 1958 quam
293 1914 379 1947 haec
397 1914 476 1957 peti
507 1914 639 1948 debere.
689 1913 831 1949 Anders
857 1914 906 1949 ist

161 1971 212 2002 es,
238 1970 345 1994 wenn
370 1961 537 1994 mehrere
559 1961 666 1995 Satze
692 1972 766 1995 von
788 1962 905 1995 videri

161 2006 352 2051 abhangig
382 2006 464 2041 sind
495 2007 571 2041 und
601 2007 641 2041 in
673 2007 757 2042 dem
783 2009 904 2052 sp'zite-

161 2064 227 2087 ren
265 2054 323 2087 ein
362 2053 515 2088 anderes
555 2053 712 2098 Subjekt
749 2054 904 2097 eintritt,

163 2100 260 2134 dann
296 2101 396 2134 steht
429 2100 468 2135 in
503 2099 641 2135 diesem
676 2101 808 2136 immet
840 2102 904 2136 der

162 2147 361 2181 Accusativ
386 2147 457 2181 mit
480 2147 656 2183 Infinitiv.
701 2148 784 2193 Vgl.
807 2151 838 2191 8,
860 2152 904 2182 22

162 2195 358 2237 sapientem
384 2196 452 2228 eet.

210 2240 329 2275 Bruto
354 2251 447 2283 meo,
475 2241 587 2276 n'aml.
613 2242 652 2276 in
678 2242 743 2276 der
770 2241 908 2277 Schrift

163 2287 208 2321 de
233 2287 381 2322 virtute.

209 2344 345 2378 lnempe,
373 2334 498 2377 ‘als0’‚
519 2334 588 2369 mih
609 2335 709 2370 einer
727 2336 907 2380 gewissen

164 2380 294 2416 Ironie.

206 2431 402 2471 postremo,
433 2428 514 2462 hier
539 2428 590 2462 im
618 2428 726 2463 Sinne
753 2440 824 2463 von
849 2430 906 2464 (le-

165 2475 289 2519 nique,
327 2475 392 2509 das
423 2474 734 2520 Vorhergehende
767 2487 906 2510 zusam-

165 2521 409 2564 menfassend,
429 2522 500 2557 wie
519 2533 629 2557 unser
651 2522 781 2557 ‘kurz’.
804 2523 904 2558 Verr.

166 2567 217 2601 ΙΙΙ
244 2572 282 2611 2,
314 2572 336 2602 4
371 2570 567 2604 cavendum
598 2570 665 2603 erit
694 2580 829 2614 semper
861 2590 905 2594 —

160 2615 427 2659 providendum
471 2616 661 2660 diliyenter
699 2636 742 2640 —
784 2618 907 2651 omnia

160 2664 352 2709 postremo,
377 2674 467 2706 quae
492 2664 695 2697 vindicaris
719 2664 760 2697 in
783 2664 907 2705 altero,

167 2708 236 2742 tibi
266 2709 340 2752 ipsi
369 2710 584 2744 vehementer
610 2711 787 2754 fuyiemla
810 2714 906 2744 sunt.

216 2759 270 2789 13.
309 2756 351 2790 in
392 2757 550 2791 eculeum
589 2758 811 2799 coiciuntur,
855 2757 907 2791 sie

166 2801 288 2836 lassen
320 2802 399 2837 sich
431 2803 497 2837 auf
525 2803 583 2838 die
609 2804 735 2838 Folter
759 2803 906 2839 werfen.

976 1584 1078 1619 Verr.
1106 1584 1121 1616 I
1148 1587 1204 1627 54,
1226 1587 1292 1617 142
1318 1585 1507 1628 quisquam
1533 1584 1581 1618 ad
1605 1594 1719 1618 meam

972 1632 1170 1675 pecuniam
1195 1642 1248 1665 me
1273 1632 1388 1665 invito
1414 1631 1599 1675 adspirat,
1623 1632 1719 1675 quis-

976 1689 1084 1723 quam
1103 1676 1266 1712 accedit?
1307 1689 1342 1722 p.
1365 1677 1454 1714 Sull.
1478 1680 1532 1721 18,
1553 1681 1597 1712 52
1618 1678 1719 1712 Num

977 1726 1058 1770 quis
1095 1728 1145 1759 est
1181 1725 1308 1768 iyitur,
1344 1726 1408 1769 qui
1438 1729 1515 1759 tum
1549 1726 1648 1760 dieat
1678 1725 1720 1759 in

977 1783 1142 1817 eampum
1168 1772 1373 1816 aclspirasse
1399 1771 1550 1806 Sullam.

1023 1832 1191 1873 facturus
1210 1847 1254 1859 =
1273 1831 1514 1874 profecturus,
1538 1841 1645 1865 wenn
1669 1830 1719 1865 du

980 1879 1094 1912 etwas
1120 1877 1332 1912 ausrichten
1358 1877 1483 1912 willst.

1024 1928 1207 1969 tamquam
1227 1945 1270 1949 —-
1291 1925 1428 1959 valent:
1447 1928 1630 1969 tamquam
1650 1925 1721 1959 mit

977 1971 1061 2006 dem
1106 1971 1293 2006 Indikativ
1337 1983 1399 2005 zur
1444 1971 1721 2017 Vergleiehung

977 2019 1107 2053 zweier
1143 2017 1301 2061 Sachen‚
1340 2019 1479 2053 welche
1517 2018 1626 2053 beide
1664 2018 1719 2053 als

977 2065 1218 2099 stattfindend
1250 2067 1451 2109 ausgesagt
1476 2066 1638 2108 werden,
1671 2066 1720 2100 isi:

977 2112 1015 2146 in
1046 2111 1162 2146 Prosa
1192 2111 1297 2146 nieht,
1329 2112 1465 2157 haufig.
1515 2112 1563 2146 ad
1595 2111 1719 2154 Quint.

978 2159 1022 2192 fr.
1048 2159 1064 2192 I
1098 2163 1114 2192 1
1149 2162 1238 2200 §46
1276 2159 1415 2201 hortor,
1458 2161 1500 2193 ut
1536 2162 1721 2204 tamquam

976 2208 1101 2250 poetae
1132 2206 1217 2239 bom·
1248 2209 1280 2239 et
1305 2209 1441 2240 actores
1465 2206 1642 2241 industrii
1665 2216 1720 2241 so-

980 2254 1069 2294 lent,
1106 2254 1158 2287 sie
1196 2256 1236 2286 tu
1273 2253 1313 2286 in
1350 2256 1506 2287 eoetrema
1540 2256 1646 2297 parte
1675 2274 1719 2277 —

980 2300 1115 2345 ozeyotii
1139 2300 1196 2334 tui
1220 2300 1516 2344 diliyentissimus
1539 2301 1599 2335 sis.

1027 2359 1120 2392 nihil
1154 2359 1291 2393 valent:
1327 2357 1379 2393 sie
1409 2358 1591 2393 verlieren
1625 2359 1720 2394 auch

979 2405 1048 2439 mit
1073 2405 1194 2450 wenig
1214 2405 1364 2439 Wasser
1383 2405 1585 2440 vermischt:
1604 2405 1721 2441 leicht

979 2452 1087 2486 Krafl:
1111 2453 1187 2486 und
1213 2452 1453 2488 Gesehmack.

1026 2521 1105 2545 cum
1143 2511 1367 2554 amplissima
1404 2511 1597 2555 (lignitate,
1635 2511 1668 2545 d.
1695 2511 1720 2547 i.

977 2558 1153 2601 imaymes
1177 2558 1421 2602 digyvzissimae.

1026 2617 1129 2651 beata
1172 2617 1266 2658 vita,
1311 2615 1370 2650 die
1412 2614 1722 2660 ungewohnliehe

979 2662 1151 2707 Stellung
1192 2663 1256 2697 des
1295 2662 1470 2707 Subjekts
1512 2663 1580 2696 hal:
1622 2661 1721 2697 wohl

979 2709 1084 2744 dal-in
1109 2710 1214 2744 ihren
1240 2710 1377 2752 Grund,
1406 2707 1485 2743 dass
1511 2720 1600 2743 man
1624 2721 1648 2744 a
1671 2719 1721 2752 se,

979 2767 1086 2791 wenn
1106 2767 1143 2791 es
1163 2756 1404 2790 unmittelbar
1417 2756 1511 2789 nach
1525 2766 1584 2790 eas
1600 2756 1720 2798 stand,

980 2803 1095 2838 leieht
1119 2803 1188 2838 mit
1213 2813 1273 2838 eas
1297 2802 1498 2837 verbinden
1523 2802 1672 2837 konnte.
