1790 3103
267 77 663 114 TUSCULANARUM
687 76 1086 113 DISPUTATIONL'M
1113 79 1174 114 111.
1202 83 1350 115 77—81.
1523 78 1581 119 45

40 189 109 232 sed
142 189 264 228 refert
296 200 372 240 quo
404 187 519 226 modo
551 187 789 226 adhibeatur.
851 186 900 226 Ut
931 189 1034 225 enim
1072 188 1204 227 tulerit
1237 191 1401 240 quisque
1433 201 1581 240 eorum,

40 249 108 301 qui
140 248 337 298 sapienter
368 246 563 298 tulerunt,
601 258 678 284 non
717 257 793 296 quo
830 247 996 296 quisque
1034 247 1278 284 incommodo
1312 248 1488 286 adfectus
1520 249 1581 298 sit,

39 305 342 360 praedicandum
375 310 445 344 est.
504 304 709 355 Chrysippi
743 303 788 342 ad
821 305 1022 342 veritatem
1056 306 1274 342 firmissima
1306 312 1376 357 est,
1408 307 1453 345 ad
1487 313 1580 346 tem-

39 377 114 418 pus
139 363 393 414 aegritudinis
419 363 598 402 difficilis.
651 362 832 412 Magnum
857 374 956 413 opus
983 368 1042 401 est
1067 362 1232 413 probare
1260 367 1448 403 maerenti
1474 365 1581 404 illum

39 435 112 463 suo
144 423 287 462 iudicio
319 428 369 474 et,
402 421 504 473 quod
536 433 577 460 se
611 422 662 460 ita
693 428 805 472 putet
836 427 1017 472 oportere
1050 421 1190 473 facere,
1222 433 1408 460 maerere.
1465 423 1582 462 Nimi-

38 493 128 522 rum
159 481 295 532 igitur,
333 486 376 519 ut
412 482 452 519 in
489 481 616 519 causis
648 492 725 518 non
765 491 918 530 semper
957 481 1104 518 utimur
1136 479 1272 518 eodem
1304 486 1406 519 statu
1441 503 1494 507 —
1528 484 1581 520 sic

38 541 146 580 enim
183 539 420 590 appellamus
458 539 812 578 controversiarum
849 550 991 588 genera
1024 560 1097 590 —‚
1136 538 1202 576 sed
1242 538 1288 577 ad
1328 544 1499 590 tempus,
1537 540 1582 577 ad

39 600 329 638 controversiae
362 604 556 648 naturam,
588 597 633 636 ad
666 608 872 648 personam
904 597 1258 648 accommodamus,
1297 599 1352 636 sic
1391 599 1429 635 in
1463 600 1584 648 aegri—

40 657 175 697 tudine
213 656 390 696 lenienda
428 668 542 707 quam
587 657 752 706 quisque
798 657 1039 694 curationem
1079 657 1253 706 recipere
1292 658 1416 707 possit
1453 656 1582 694 viden·

38 715 132 755 dum
163 722 233 754 est.

159 773 245 813 Sed
278 775 410 812 nescio
452 785 528 823 quo
570 779 682 824 pacto
723 772 769 810 ab
811 784 874 824 eo,
918 772 1021 823 quod
1063 779 1146 810 erat
1187 785 1206 810 a
1247 780 1284 811 te
1327 774 1583 824 propositum,
1598 782 1642 812 80

42 832 238 871 aberravit
268 833 402 870 oratio.
463 831 523 870 Tu
556 833 658 870 enim
690 831 736 870 de
769 832 942 882 sapiente
975 833 1219 882 quaesieras,
1248 832 1311 869 cui
1344 837 1410 870 aut
1442 832 1584 870 malum

44 891 168 930 videri
194 889 343 930 nullum
369 896 508 941 potest,
535 890 637 940 quod
664 896 772 928 vacet
797 890 1051 941 turpitudine,
1075 896 1140 928 aut
1165 891 1217 928 ita
1243 901 1403 940 parvum
1430 890 1585 942 malum,

41 955 86 989 ut
122 949 161 988 id
200 948 389 988 obruatur
427 950 614 1000 sapientia
650 950 791 999 vixque
829 948 1030 999 adpareat,
1071 950 1137 999 qui
1176 948 1269 987 nihil
1307 950 1488 1000 opinione
1522 949 1584 987 ad-

40 1008 161 1060 fingat
191 1007 444 1058 adsumatque
477 1007 522 1046 ad
555 1007 854 1058 aegritudinem,
893 1020 963 1046 neo
996 1007 1033 1045 id
1072 1013 1183 1058 putet
1215 1019 1300 1045 esse
1333 1013 1505 1060 rectum,
1544 1020 1584 1046 se

43 1078 159 1118 quam
191 1067 355 1106 maxime
387 1067 604 1105 excruciari
641 1066 827 1116 luctuque
860 1067 1015 1117 confici,
1057 1078 1133 1116 quo
1171 1068 1328 1117 pravius
1366 1066 1461 1105 nihil
1499 1079 1585 1105 esse

41 1127 177 1177 possit.
238 1124 405 1163 Edocuit
442 1131 570 1163 tamen
608 1126 728 1176 ratio,
771 1131 814 1163 ut
852 1124 945 1163 mihi
983 1125 1139 1176 quidem
1172 1125 1341 1176 videtur,
1385 1137 1474 1164 cum
1512 1125 1585 1164 hoc

39 1185 169 1236 ipsum
212 1185 369 1235 proprie
413 1196 490 1222 non
535 1189 790 1234 quaereretur
833 1183 906 1222 hoc
951 1189 1146 1235 tempore,
1198 1195 1291 1222 num
1335 1183 1438 1234 quod
1483 1190 1587 1223 esset

41 1242 203 1293 malum,
246 1243 320 1280 nisi
363 1241 465 1292 quod
506 1242 607 1280 idem
649 1242 725 1280 dici
764 1248 877 1292 turpe
915 1247 1065 1293 posset,
1107 1247 1234 1280 tamen
1273 1247 1316 1280 ut
1353 1242 1587 1294 videremus

43 1299 231 1352 quiequid
263 1306 367 1339 esset
393 1302 432 1338 in
459 1300 701 1350 aegritudine
727 1300 828 1352 mali,
859 1300 897 1339 id
925 1313 1002 1338 non
1029 1300 1203 1339 naturale
1231 1312 1327 1351 esse,
1359 1300 1426 1339 sed
1453 1301 1585 1340 volun-

40 1361 140 1399 tario
173 1359 315 1398 iudicio
348 1364 386 1398 et
417 1361 610 1410 opinionis
643 1371 776 1398 errore
810 1365 1066 1398 contractum.
1121 1358 1344 1398 Tractatum
1371 1366 1430 1399 est
1456 1367 1585 1399 autem
1600 1367 1642 1398 81

41 1430 63 1457 a
95 1417 206 1456 nobis
238 1418 276 1457 id
308 1430 432 1469 genus
464 1417 733 1469 aegritudinis,
773 1417 877 1468 quod
917 1429 1037 1457 unum
1070 1424 1128 1456 est
1160 1420 1331 1457 omnium
1365 1420 1587 1470 maximum,

42 1483 87 1517 ut
118 1489 163 1516 eo
195 1476 345 1516 sublato
377 1476 618 1528 reliquorum
651 1476 820 1515 remedia
852 1489 900 1515 ne
931 1488 1068 1528 magno
1095 1488 1212 1527 opere
1239 1477 1460 1528 quaerenda
1487 1477 1585 1516 arbi-

38 1542 246 1575 traremur.
452 1536 456 1540 '

159 1594 258 1633 Sunt
290 1595 392 1632 enim
425 1600 531 1633 certa
564 1606 661 1645 quae
694 1594 740 1632 de
772 1600 1018 1645 paupertate,
1057 1601 1163 1632 certa
1203 1607 1301 1645 quae
1340 1595 1386 1633 de
1422 1596 1496 1634 vita
1528 1597 1587 1633 in-
1602 1592 1657 1634 34

74 1707 361 1752 praedicandum
385 1710 446 1749 est,
474 1718 500 1741 s.
528 1719 557 1740 z.
585 1710 603 1748 ξ
629 1710 683 1741 58.

75 1754 459 1797 status=constitutio,
470 1751 602 1796 στάσις,
612 1753 776 1788 bezeich-

40 1802 104 1836 net
129 1800 188 1836 die
215 1801 400 1846 Stellung,
425 1800 564 1835 welche
592 1800 655 1835 der
681 1801 776 1836 Red-

39 1859 105 1892 net
135 1860 179 1882 zu
211 1848 274 1883 der
305 1847 421 1883 Saehe
457 1847 669 1892 einnimmt‚
708 1848 778 1882 den

40 1895 295 1939 Standpunkt,
328 1906 401 1930 von
437 1895 519 1929 dem
553 1905 617 1929 aus
649 1906 687 1929 er
719 1895 777 1930 die

41 1940 260 1987 streitfrage
286 1941 496 1977 behandelt.
547 1942 636 1986 Top.
657 1946 712 1986 25,
733 1946 778 1976 94

40 1992 107 2025 aut
135 1990 263 2034 neqari
291 1992 426 2033 potest,
462 1990 500 2024 id
530 1989 666 2032 sactum
698 2000 778 2031 esse,

41 2036 136 2082 quod
161 2036 329 2071 laudetur
353 2056 399 2061 —
421 2039 536 2071 status
561 2037 778 2071 coniectura-

40 2083 87 2119 lis
106 2104 149 2108 —
176 2086 242 2118 aut
271 2093 345 2118 non
376 2094 417 2118 eo
446 2084 588 2118 nomine
619 2083 778 2127 afficien-

41 2131 142 2174 dum,
167 2140 236 2175 quo
259 2130 430 2165 laudator
456 2131 613 2174 affecerit
639 2151 681 2155 ——-
707 2134 779 2165 sta-

42 2180 101 2212 tus
132 2177 338 2220 definitivus
363 2198 405 2202 —
433 2181 497 2213 aut
531 2178 675 2212 omnino
706 2188 779 2212 non

39 2234 112 2260 esse
136 2224 337 2266 laudabile,
367 2226 461 2268 quod
495 2235 568 2259 non
592 2228 683 2259 reete
706 2235 780 2259 non

0 2269 2 2329 J
41 2272 122 2306 iure
145 2271 282 2314 factum
310 2272 356 2305 sit
382 2290 426 2296 —
450 2275 566 2306 status
589 2272 775 2315 yeneralis.

0 2334 1 2339 ¹
91 2321 146 2353 80.
178 2318 273 2363 quod
311 2322 388 2352 erat
425 2330 447 2353 α
485 2322 515 2353 te
541 2319 776 2363 propositum.

0 2391 1 2403 ¹
40 2369 75 2409 4,
96 2368 115 2400 7
141 2365 287 2400 videtur
311 2365 400 2399 mihi
424 2366 546 2400 cadere
572 2366 612 2399 in
636 2366 777 2410 sapien-

0 2417 1 2425 *
41 2415 110 2447 tem
135 2412 332 2457 aem-itudo.

90 2459 254 2504 adfinqat
286 2459 529 2504 adsumatque.
579 2459 651 2494 Der
682 2458 779 2494 Kon-

39 2504 188 2550 junktiv
216 2507 332 2548 steht,
366 2506 451 2540 weil
478 2507 541 2541 der
567 2506 692 2541 Grund
717 2516 778 2540 an-

44 2553 210 2598 gegeben
234 2552 344 2596 wird,
377 2552 541 2588 weshalb
568 2554 631 2588 der
655 2552 778 2588 Weise

44 2609 85 2634 so
121 2600 212 2634 iiber
247 2600 311 2634 das
335 2600 508 2645 Ungliiek
541 2600 684 2643 urteist,
724 2612 778 2635 so-

45 2645 124 2681 dass
161 2648 224 2691 qui
261 2663 304 2676 =
338 2649 470 2692 quippe
505 2648 569 2692 qui
603 2647 662 2681 ist.
712 2648 779 2682 Die

44 2692 245 2738 folgenden
286 2694 414 2729 W'orte
459 2694 648 2730 euthalten
699 2694 779 2728 eine

46 2740 275 2786 Anspielung
311 2741 377 2776 auf
411 2741 610 2786 Chrysipps
646 2741 779 2788 Defini-

46 2785 126 2822 fion
150 2787 214 2822 der
238 2789 434 2832 aegritudo.

93 2836 210 2869 tamen
248 2839 288 2869 ut
324 2836 519 2871 videremus
544 2856 586 2861 -—
618 2846 704 2871 esse:
741 2839 781 2870 ut

850 1706 899 1741 ist
930 1709 1086 1751 gesetzt,
1124 1707 1178 1742 als
1217 1708 1262 1742 ob
1300 1708 1403 1742 nieht
1436 1708 1588 1750 edocuit,

849 1754 1007 1788 sondern
1038 1755 1152 1797 effecit
1182 1754 1438 1800 vorherginge.
1489 1754 1587 1790 Hau-

849 1801 940 1845 figer
971 1800 1021 1834 ist
1051 1801 1115 1836 der
1147 1801 1368 1847 umgekehrt
1392 1802 1586 1837 verkiirzbe

850 1847 1055 1891 Ausdrmk,
1080 1848 1159 1883 dass
1187 1850 1278 1884 stati:
1304 1850 1482 1892 adducor,
1511 1849 1587 1892 effi-

851 1896 944 1929 citur
977 1899 1018 1928 ut
1052 1896 1195 1930 credam
1229 1906 1298 1931 esse
1331 1899 1463 1941 gesagt
1497 1897 1588 1931 wird

850 1942 1017 1985 efficitur,
1042 1946 1084 1977 ‘ut
1107 1944 1164 1977 sit.
1215 1947 1332 1978 tame-n
1363 1944 1412 1978 ist
1438 1943 1588 1978 wieder-

852 1989 942 2032 holt,
952 1989 1036 2023 weil
1050 1990 1144 2024 auch
1159 1990 1223 2025 der
1236 1990 1587 2035 vorausgesehickte

852 2036 1056 2081 Gegensatz
1078 2040 1117 2071 tu
1143 2038 1184 2072 de
1208 2038 1368 2081 sapiente
1385 2039 1590 2082 quaesieras

851 2083 889 2117 in
914 2084 997 2117 dem
1021 2082 1249 2119 Nebensatze
1275 2096 1354 2119 cum
1379 2085 1419 2119 id
1437 2085 1590 2128 proprie

852 2131 920 2164 eet.
947 2130 1165 2166 wiederholt
1189 2131 1247 2166 ist.

898 2178 1082 2221 opinionis
1118 2189 1252 2221 errore,
1297 2178 1412 2213 durch
1449 2178 1589 2213 falsche

851 2223 1109 2269 Vorstellung,
1153 2225 1226 2270 vgl.
1258 2225 1309 2259 III
1347 2229 1366 2267 ξ
1399 2229 1420 2259 4
1463 2236 1590 2260 mcrsus

852 2281 978 2306 errore.
1029 2271 1370 2308 Gleiehbedeutend
1408 2273 1508 2307 steht
1544 2273 1588 2307 de

850 2318 921 2352 div.
948 2317 982 2352 ΙΙ
1008 2322 1062 2362 69,
1091 2323 1155 2354 143
1183 2321 1306 2364 opinio
1331 2321 1472 2354 erroris.

898 2369 954 2400 81.
981 2366 1020 2401 id
1053 2377 1164 2412 qenus
1195 2367 1453 2411 aegritudinis,
1486 2369 1587 2401 nam-

850 2412 925 2447 lich
967 2413 1057 2448 iiber
1100 2413 1170 2448 den
1213 2413 1292 2449 Tod
1334 2425 1407 2449 von
1448 2414 1587 2448 Anver-

850 2459 1034 2495 wandten.
1182 2465 1186 2469 '

897 2511 938 2541 ut
964 2527 1006 2532 —
1032 2519 1076 2542 ‘ne
1100 2519 1229 2552 maqno
1258 2519 1360 2553 opere
1385 2509 1589 2552 quaerenda

851 2554 1121 2590 arbitraremur.
1179 2555 1250 2590 Cic.
1296 2556 1432 2590 konnte
1478 2566 1590 2600 sagen

851 2604 891 2635 ut
916 2622 958 2626 --
991 2613 1035 2637 ne
1064 2603 1269 2646 quaerenda
1304 2606 1414 2637 essent
1445 2602 1519 2636 und
1552 2605 1590 2636 ut

851 2658 923 2683 nou
961 2650 1164 2692 quaerenda
1201 2650 1483 2690 a1·bitraremur;
1524 2659 1589 2682 aus

852 2695 951 2729 einer
967 2695 1233 2742 Vermisehung
1259 2696 1323 2731 der
1348 2696 1480 2730 beiden
1497 2696 1588 2728 Aus-

852 2741 1123 2776 drueksweisen
1160 2743 1210 2778 ist
1247 2754 1284 2778 es
1329 2754 1371 2776 zu
1409 2741 1589 2784 erklarem

853 2788 932 2823 dass
969 2788 1048 2823 hier
1085 2789 1123 2822 in
1161 2789 1280 2825 einem
1320 2787 1589 2823 kousekutiven

854 2835 958 2870 Satze
984 2839 1024 2870 ut
1051 2847 1091 2870 ne
1117 2837 1225 2871 steht.
