<?xml version="1.0" encoding="UTF-8"?>
<!DOCTYPE html PUBLIC "-//W3C//DTD XHTML 1.0 Transitional//EN"
    "http://www.w3.org/TR/xhtml1/DTD/xhtml1-transitional.dtd">
<html xmlns="http://www.w3.org/1999/xhtml" xml:lang="en" lang="en">
 <head>
  <title>
</title>
<meta http-equiv="Content-Type" content="text/html;charset=utf-8" />
  <meta name='ocr-system' content='tesseract 3.04.00' />
  <meta name='ocr-capabilities' content='ocr_page ocr_carea ocr_par ocr_line ocrx_word'/>
</head>
<body>
  <div class='ocr_page' id='page_1' title='image "./tusculanarumdisp01ciceuoft_0168.png"; bbox 0 0 1790 3103; ppageno 0'>
   <div class='ocr_carea' id='block_1_1' title="bbox 194 104 1232 146">
    <p class='ocr_par' dir='ltr' id='par_1_1' title="bbox 194 104 1232 146">
     <span class='ocr_line' id='line_1_1' title="bbox 194 104 1232 146; baseline -0.007 0"><span class='ocrx_word' id='word_1_1' title='bbox 194 106 250 146; x_wconf 81' lang='grc'>28</span> <span class='ocrx_word' id='word_1_2' title='bbox 714 107 762 142; x_wconf 84' lang='grc' dir='ltr'>Μ.</span> <span class='ocrx_word' id='word_1_3' title='bbox 789 105 951 141; x_wconf 91' lang='lat' dir='ltr'><strong>TULLII</strong></span> <span class='ocrx_word' id='word_1_4' title='bbox 978 104 1232 140; x_wconf 84' lang='lat' dir='ltr'>CICERONIS</span> 
     </span>
    </p>
   </div>
   <div class='ocr_carea' id='block_1_2' title="bbox 0 214 1776 1805">
    <p class='ocr_par' dir='ltr' id='par_1_2' title="bbox 192 214 1750 383">
     <span class='ocr_line' id='line_1_2' title="bbox 193 214 1749 265; baseline 0 -11"><span class='ocrx_word' id='word_1_5' title='bbox 193 217 469 254; x_wconf 88' lang='lat' dir='ltr'>contemnitur.</span> <span class='ocrx_word' id='word_1_6' title='bbox 533 215 662 254; x_wconf 79' lang='lat' dir='ltr'><strong>Sentit</strong></span> <span class='ocrx_word' id='word_1_7' title='bbox 693 217 821 253; x_wconf 86' lang='lat' dir='ltr'>omnia</span> <span class='ocrx_word' id='word_1_8' title='bbox 855 216 1059 265; x_wconf 89' lang='lat' dir='ltr'>repentina</span> <span class='ocrx_word' id='word_1_9' title='bbox 1095 219 1133 252; x_wconf 92' lang='lat' dir='ltr'>et</span> <span class='ocrx_word' id='word_1_10' title='bbox 1170 214 1401 265; x_wconf 90' lang='lat' dir='ltr'>necopinata</span> <span class='ocrx_word' id='word_1_11' title='bbox 1433 225 1519 252; x_wconf 88' lang='lat' dir='ltr'>esse</span> <span class='ocrx_word' id='word_1_12' title='bbox 1558 215 1749 264; x_wconf 84' lang='lat' dir='ltr'>graviora.</span> 
     </span>
     <span class='ocr_line' id='line_1_3' title="bbox 193 271 1750 326; baseline -0.001 -14"><span class='ocrx_word' id='word_1_13' title='bbox 193 273 445 325; x_wconf 85' lang='lat' dir='ltr'>Exaggeratis</span> <span class='ocrx_word' id='word_1_14' title='bbox 476 275 597 324; x_wconf 85' lang='lat' dir='ltr'>igitur</span> <span class='ocrx_word' id='word_1_15' title='bbox 629 275 747 324; x_wconf 83' lang='lat' dir='ltr'>regiis</span> <span class='ocrx_word' id='word_1_16' title='bbox 780 272 937 324; x_wconf 79' lang='lat' dir='ltr'>opibuS,</span> <span class='ocrx_word' id='word_1_17' title='bbox 972 284 1070 323; x_wconf 85' lang='lat' dir='ltr'>quae</span> <span class='ocrx_word' id='word_1_18' title='bbox 1097 271 1329 310; x_wconf 85' lang='lat' dir='ltr'>videbantur</span> <span class='ocrx_word' id='word_1_19' title='bbox 1355 273 1616 323; x_wconf 80' lang='lat' dir='ltr'>sempiternae</span> <span class='ocrx_word' id='word_1_20' title='bbox 1650 272 1750 326; x_wconf 81' lang='lat' dir='ltr'>fore,</span> 
     </span>
     <span class='ocr_line' id='line_1_4' title="bbox 192 329 522 383; baseline 0.003 -14"><span class='ocrx_word' id='word_1_21' title='bbox 192 332 285 383; x_wconf 86' lang='lat' dir='ltr'>quid</span> <span class='ocrx_word' id='word_1_22' title='bbox 318 329 522 383; x_wconf 73' lang='lat' dir='ltr'>adiungit?</span> 
     </span>
    </p>

    <p class='ocr_par' dir='ltr' id='par_1_3' title="bbox 594 399 1281 448">
     <span class='ocr_line' id='line_1_5' title="bbox 594 399 1281 448; baseline -0.004 -8"><span class='ocrx_word' id='word_1_23' title='bbox 594 403 707 440; x_wconf 77' lang='lat' dir='ltr'>Haec</span> <span class='ocrx_word' id='word_1_24' title='bbox 739 402 872 440; x_wconf 65' lang='lat' dir='ltr'>Omnia</span> <span class='ocrx_word' id='word_1_25' title='bbox 906 402 989 438; x_wconf 73' lang='lat' dir='ltr'>vidi</span> <span class='ocrx_word' id='word_1_26' title='bbox 1019 399 1281 448; x_wconf 76' lang='lat' dir='ltr'>lnsla&#39;mmare&#39;,</span> 
     </span>
    </p>

    <p class='ocr_par' dir='ltr' id='par_1_4' title="bbox 596 457 1177 505">
     <span class='ocr_line' id='line_1_6' title="bbox 596 457 1177 505; baseline -0.002 -8"><span class='ocrx_word' id='word_1_27' title='bbox 596 460 760 498; x_wconf 74' lang='lat' dir='ltr'>Priamo</span> <span class='ocrx_word' id='word_1_28' title='bbox 793 461 833 497; x_wconf 77' lang='grc' dir='ltr'>υἱ</span> <span class='ocrx_word' id='word_1_29' title='bbox 862 460 983 496; x_wconf 75' lang='lat' dir='ltr'>vitam</span> <span class='ocrx_word' id='word_1_30' title='bbox 1015 457 1177 505; x_wconf 74' lang='lat' dir='ltr'>evitari,</span> 
     </span>
    </p>

    <p class='ocr_par' dir='ltr' id='par_1_5' title="bbox 596 516 1283 565">
     <span class='ocr_line' id='line_1_7' title="bbox 596 516 1283 565; baseline -0.001 -10"><span class='ocrx_word' id='word_1_31' title='bbox 596 519 700 556; x_wconf 69' lang='lat' dir='ltr'>Iovis</span> <span class='ocrx_word' id='word_1_32' title='bbox 733 516 848 555; x_wconf 76' lang='lat' dir='ltr'>ciram</span> <span class='ocrx_word' id='word_1_33' title='bbox 880 519 1078 565; x_wconf 70' lang='lat' dir='ltr'>sanquine</span> <span class='ocrx_word' id='word_1_34' title='bbox 1111 516 1283 565; x_wconf 64' lang='lat' dir='ltr'>teir-pari.</span> 
     </span>
    </p>

    <p class='ocr_par' dir='ltr' id='par_1_6' title="bbox 130 586 1775 637">
     <span class='ocr_line' id='line_1_8' title="bbox 130 586 1775 637; baseline 0.002 -14"><span class='ocrx_word' id='word_1_35' title='bbox 130 593 173 624; x_wconf 80' lang='lat'>46</span> <span class='ocrx_word' id='word_1_36' title='bbox 189 588 439 626; x_wconf 84' lang='lat' dir='ltr'>Praeclarum</span> <span class='ocrx_word' id='word_1_37' title='bbox 466 586 640 625; x_wconf 82' lang='lat' dir='ltr'>carmen!</span> <span class='ocrx_word' id='word_1_38' title='bbox 675 592 734 625; x_wconf 88' lang='lat' dir='ltr'>est</span> <span class='ocrx_word' id='word_1_39' title='bbox 766 588 868 625; x_wconf 91' lang='lat' dir='ltr'>enim</span> <span class='ocrx_word' id='word_1_40' title='bbox 902 593 942 625; x_wconf 91' lang='lat' dir='ltr'>et</span> <span class='ocrx_word' id='word_1_41' title='bbox 973 586 1092 624; x_wconf 88' lang='lat' dir='ltr'>rebus</span> <span class='ocrx_word' id='word_1_42' title='bbox 1119 592 1158 624; x_wconf 91' lang='lat' dir='ltr'>et</span> <span class='ocrx_word' id='word_1_43' title='bbox 1185 586 1314 624; x_wconf 82' lang='lat' dir='ltr'>verbis</span> <span class='ocrx_word' id='word_1_44' title='bbox 1346 592 1385 624; x_wconf 91' lang='lat' dir='ltr'>et</span> <span class='ocrx_word' id='word_1_45' title='bbox 1416 586 1541 624; x_wconf 83' lang='lat' dir='ltr'>modis</span> <span class='ocrx_word' id='word_1_46' title='bbox 1567 586 1749 637; x_wconf 51' lang='lat' dir='ltr'>lugubre,</span> <span class='ocrx_word' id='word_1_47' title='bbox 1774 596 1775 601; x_wconf 77' lang='grc'>’</span> 
     </span>
    </p>

    <p class='ocr_par' dir='ltr' id='par_1_7' title="bbox 188 642 1776 697">
     <span class='ocr_line' id='line_1_9' title="bbox 188 642 1776 697; baseline 0 -13"><span class='ocrx_word' id='word_1_48' title='bbox 188 646 410 697; x_wconf 83' lang='lat' dir='ltr'><strong>Eripiamus</strong></span> <span class='ocrx_word' id='word_1_49' title='bbox 442 645 533 684; x_wconf 91' lang='lat' dir='ltr'>huic</span> <span class='ocrx_word' id='word_1_50' title='bbox 566 645 862 695; x_wconf 85' lang='lat' dir='ltr'>aegritudinem.</span> <span class='ocrx_word' id='word_1_51' title='bbox 925 644 1010 690; x_wconf 84' lang='lat' dir='ltr'>Quo</span> <span class='ocrx_word' id='word_1_52' title='bbox 1044 642 1188 682; x_wconf 79' lang='lat' dir='ltr'>modo?</span> <span class='ocrx_word' id='word_1_53' title='bbox 1239 644 1498 683; x_wconf 86' lang='lat' dir='ltr'>Conlocemus</span> <span class='ocrx_word' id='word_1_54' title='bbox 1530 646 1570 683; x_wconf 92' lang='lat' dir='ltr'>in</span> <span class='ocrx_word' id='word_1_55' title='bbox 1603 645 1746 684; x_wconf 78' lang='lat' dir='ltr'>culcita</span> <span class='ocrx_word' id='word_1_56' title='bbox 1774 645 1776 648; x_wconf 71' lang='grc'>’</span> 
     </span>
    </p>

    <p class='ocr_par' dir='ltr' id='par_1_8' title="bbox 8 701 1743 777">
     <span class='ocr_line' id='line_1_10' title="bbox 8 701 1743 777; baseline 0 -35"><span class='ocrx_word' id='word_1_57' title='bbox 8 731 57 777; x_wconf 48' lang='lat' dir='ltr'>O»,</span> <span class='ocrx_word' id='word_1_58' title='bbox 78 701 138 777; x_wconf 44' lang='lat' dir='ltr'><em>ff</em></span> <span class='ocrx_word' id='word_1_59' title='bbox 187 704 359 756; x_wconf 87' lang='lat' dir='ltr'>plumea,</span> <span class='ocrx_word' id='word_1_60' title='bbox 391 703 590 754; x_wconf 79' lang='lat' dir='ltr'>psaltriam</span> <span class='ocrx_word' id='word_1_61' title='bbox 622 703 877 754; x_wconf 80' lang='lat' dir='ltr'>adducamus,</span> <span class='ocrx_word' id='word_1_62' title='bbox 912 703 1097 758; x_wconf 61' lang='lat' dir='ltr'>hedychri</span> <span class='ocrx_word' id='word_1_63' title='bbox 1124 702 1378 741; x_wconf 83' lang='lat' dir='ltr'>incendamus</span> <span class='ocrx_word' id='word_1_64' title='bbox 1405 702 1626 754; x_wconf 80' lang='lat' dir='ltr'>scutellam,</span> <span class='ocrx_word' id='word_1_65' title='bbox 1658 703 1743 742; x_wconf 90' lang='lat' dir='ltr'>dul·</span> 
     </span>
    </p>

    <p class='ocr_par' dir='ltr' id='par_1_9' title="bbox 0 760 1744 845">
     <span class='ocr_line' id='line_1_11' title="bbox 0 760 1744 845; baseline 0 -45"><span class='ocrx_word' id='word_1_66' title='bbox 0 766 74 845; x_wconf 41' lang='grc' dir='ltr'>μμ)</span> <span class='ocrx_word' id='word_1_67' title='bbox 95 773 130 814; x_wconf 48' lang='grc' dir='ltr'><em>ρ</em></span> <span class='ocrx_word' id='word_1_68' title='bbox 187 762 335 801; x_wconf 89' lang='lat' dir='ltr'>ciculae</span> <span class='ocrx_word' id='word_1_69' title='bbox 367 763 537 812; x_wconf 88' lang='lat' dir='ltr'>potionis</span> <span class='ocrx_word' id='word_1_70' title='bbox 569 762 714 812; x_wconf 83' lang='lat' dir='ltr'>aliquid</span> <span class='ocrx_word' id='word_1_71' title='bbox 748 761 945 799; x_wconf 86' lang='lat' dir='ltr'>videamus</span> <span class='ocrx_word' id='word_1_72' title='bbox 979 767 1017 799; x_wconf 90' lang='lat' dir='ltr'>et</span> <span class='ocrx_word' id='word_1_73' title='bbox 1049 761 1142 799; x_wconf 88' lang='lat' dir='ltr'>cibi:</span> <span class='ocrx_word' id='word_1_74' title='bbox 1184 761 1277 799; x_wconf 80' lang='lat' dir='ltr'>llaec</span> <span class='ocrx_word' id='word_1_75' title='bbox 1310 761 1466 799; x_wconf 89' lang='lat' dir='ltr'>tandem</span> <span class='ocrx_word' id='word_1_76' title='bbox 1505 760 1605 800; x_wconf 88' lang='lat' dir='ltr'>bona</span> <span class='ocrx_word' id='word_1_77' title='bbox 1637 768 1744 815; x_wconf 89' lang='lat' dir='ltr'>sunt,</span> 
     </span>
    </p>

    <p class='ocr_par' dir='ltr' id='par_1_10' title="bbox 0 814 1742 913">
     <span class='ocr_line' id='line_1_12' title="bbox 0 814 1742 913; baseline 0 -54"><span class='ocrx_word' id='word_1_78' title='bbox 0 814 99 913; x_wconf 45' lang='lat' dir='ltr'><em>f</em></span> <span class='ocrx_word' id='word_1_79' title='bbox 188 820 331 871; x_wconf 87' lang='lat' dir='ltr'>quibus</span> <span class='ocrx_word' id='word_1_80' title='bbox 363 820 627 871; x_wconf 78' lang='lat' dir='ltr'>aegritudines</span> <span class='ocrx_word' id='word_1_81' title='bbox 659 821 910 870; x_wconf 80' lang='lat' dir='ltr'>gravissimae</span> <span class='ocrx_word' id='word_1_82' title='bbox 949 818 1232 858; x_wconf 76' lang='lat' dir='ltr'>detrahantur?</span> <span class='ocrx_word' id='word_1_83' title='bbox 1274 826 1314 857; x_wconf 88' lang='lat' dir='ltr'>tu</span> <span class='ocrx_word' id='word_1_84' title='bbox 1354 821 1457 858; x_wconf 89' lang='lat' dir='ltr'>enim</span> <span class='ocrx_word' id='word_1_85' title='bbox 1495 819 1610 870; x_wconf 87' lang='lat' dir='ltr'>paulo</span> <span class='ocrx_word' id='word_1_86' title='bbox 1651 825 1742 859; x_wconf 82' lang='lat' dir='ltr'>ante</span> 
     </span>
    </p>

    <p class='ocr_par' dir='ltr' id='par_1_11' title="bbox 188 877 1741 986">
     <span class='ocr_line' id='line_1_13' title="bbox 188 877 1737 929; baseline -0.001 -12"><span class='ocrx_word' id='word_1_87' title='bbox 188 891 236 917; x_wconf 91' lang='lat' dir='ltr'>ne</span> <span class='ocrx_word' id='word_1_88' title='bbox 269 878 495 929; x_wconf 83' lang='lat' dir='ltr'>intellegere</span> <span class='ocrx_word' id='word_1_89' title='bbox 529 885 566 917; x_wconf 91' lang='lat' dir='ltr'>te</span> <span class='ocrx_word' id='word_1_90' title='bbox 600 878 757 928; x_wconf 85' lang='lat' dir='ltr'>quidem</span> <span class='ocrx_word' id='word_1_91' title='bbox 790 878 860 916; x_wconf 83' lang='lat' dir='ltr'>alia</span> <span class='ocrx_word' id='word_1_92' title='bbox 894 877 969 916; x_wconf 90' lang='lat' dir='ltr'>ulla</span> <span class='ocrx_word' id='word_1_93' title='bbox 1008 877 1175 916; x_wconf 85' lang='lat' dir='ltr'>dicebas.</span> <span class='ocrx_word' id='word_1_94' title='bbox 1238 878 1427 916; x_wconf 87' lang='lat' dir='ltr'>Revocari</span> <span class='ocrx_word' id='word_1_95' title='bbox 1465 879 1584 929; x_wconf 87' lang='lat' dir='ltr'>igitur</span> <span class='ocrx_word' id='word_1_96' title='bbox 1624 890 1737 929; x_wconf 90' lang='lat' dir='ltr'>opor-</span> 
     </span>
     <span class='ocr_line' id='line_1_14' title="bbox 188 935 1741 986; baseline -0.001 -10"><span class='ocrx_word' id='word_1_97' title='bbox 188 943 271 976; x_wconf 86' lang='lat' dir='ltr'>tere</span> <span class='ocrx_word' id='word_1_98' title='bbox 316 949 336 975; x_wconf 88' lang='lat' dir='ltr'>a</span> <span class='ocrx_word' id='word_1_99' title='bbox 381 949 557 974; x_wconf 87' lang='lat' dir='ltr'>maerore</span> <span class='ocrx_word' id='word_1_100' title='bbox 601 937 646 974; x_wconf 85' lang='lat' dir='ltr'>ad</span> <span class='ocrx_word' id='word_1_101' title='bbox 691 937 967 986; x_wconf 81' lang='lat' dir='ltr'>cogitationem</span> <span class='ocrx_word' id='word_1_102' title='bbox 1009 935 1203 974; x_wconf 87' lang='lat' dir='ltr'>bonorum</span> <span class='ocrx_word' id='word_1_103' title='bbox 1245 938 1472 974; x_wconf 76' lang='lat' dir='ltr'>conveniret</span> <span class='ocrx_word' id='word_1_104' title='bbox 1513 936 1607 975; x_wconf 90' lang='lat' dir='ltr'>mihi</span> <span class='ocrx_word' id='word_1_105' title='bbox 1649 948 1741 975; x_wconf 88' lang='lat' dir='ltr'>cum</span> 
     </span>
    </p>

    <p class='ocr_par' dir='ltr' id='par_1_12' title="bbox 187 994 1156 1046">
     <span class='ocr_line' id='line_1_15' title="bbox 187 994 1156 1046; baseline -0.002 -13"><span class='ocrx_word' id='word_1_106' title='bbox 187 995 378 1046; x_wconf 83' lang='lat' dir='ltr'>EpicurO,</span> <span class='ocrx_word' id='word_1_107' title='bbox 410 996 443 1032; x_wconf 90' lang='lat' dir='ltr'>si</span> <span class='ocrx_word' id='word_1_108' title='bbox 476 994 569 1044; x_wconf 88' lang='lat' dir='ltr'>quid</span> <span class='ocrx_word' id='word_1_109' title='bbox 602 999 706 1032; x_wconf 91' lang='lat' dir='ltr'>esset</span> <span class='ocrx_word' id='word_1_110' title='bbox 738 994 885 1032; x_wconf 89' lang='lat' dir='ltr'>bonum</span> <span class='ocrx_word' id='word_1_111' title='bbox 917 995 1156 1032; x_wconf 88' lang='lat' dir='ltr'>conveniret.</span> 
     </span>
    </p>

    <p class='ocr_par' dir='ltr' id='par_1_13' title="bbox 117 1048 1747 1630">
     <span class='ocr_line' id='line_1_16' title="bbox 117 1048 1743 1103; baseline 0.001 -13"><span class='ocrx_word' id='word_1_112' title='bbox 117 1048 173 1090; x_wconf 79' lang='lat'>20</span> <span class='ocrx_word' id='word_1_113' title='bbox 306 1053 416 1090; x_wconf 87' lang='lat' dir='ltr'>Dicet</span> <span class='ocrx_word' id='word_1_114' title='bbox 448 1052 603 1103; x_wconf 90' lang='lat' dir='ltr'>aliquis:</span> <span class='ocrx_word' id='word_1_115' title='bbox 637 1051 739 1097; x_wconf 87' lang='lat' dir='ltr'>Quid</span> <span class='ocrx_word' id='word_1_116' title='bbox 771 1050 893 1103; x_wconf 80' lang='lat' dir='ltr'>ergo?</span> <span class='ocrx_word' id='word_1_117' title='bbox 926 1058 965 1090; x_wconf 89' lang='lat' dir='ltr'>tu</span> <span class='ocrx_word' id='word_1_118' title='bbox 1000 1051 1216 1103; x_wconf 86' lang='lat' dir='ltr'>Epicurum</span> <span class='ocrx_word' id='word_1_119' title='bbox 1242 1053 1440 1091; x_wconf 85' lang='lat' dir='ltr'>existimas</span> <span class='ocrx_word' id='word_1_120' title='bbox 1472 1054 1545 1091; x_wconf 89' lang='lat' dir='ltr'>ista</span> <span class='ocrx_word' id='word_1_121' title='bbox 1571 1052 1743 1092; x_wconf 87' lang='lat' dir='ltr'>voluisse</span> 
     </span>
     <span class='ocr_line' id='line_1_17' title="bbox 187 1108 1741 1161; baseline 0 -12"><span class='ocrx_word' id='word_1_122' title='bbox 187 1118 254 1150; x_wconf 90' lang='lat' dir='ltr'>aut</span> <span class='ocrx_word' id='word_1_123' title='bbox 284 1110 512 1149; x_wconf 89' lang='lat' dir='ltr'>libidinosas</span> <span class='ocrx_word' id='word_1_124' title='bbox 551 1112 635 1149; x_wconf 90' lang='lat' dir='ltr'>eius</span> <span class='ocrx_word' id='word_1_125' title='bbox 673 1110 794 1149; x_wconf 88' lang='lat' dir='ltr'>fuisse</span> <span class='ocrx_word' id='word_1_126' title='bbox 833 1108 1075 1149; x_wconf 76' lang='lat' dir='ltr'>sententias?</span> <span class='ocrx_word' id='word_1_127' title='bbox 1137 1110 1217 1161; x_wconf 85' lang='lat' dir='ltr'>Ego</span> <span class='ocrx_word' id='word_1_128' title='bbox 1257 1122 1348 1149; x_wconf 88' lang='lat' dir='ltr'>vero</span> <span class='ocrx_word' id='word_1_129' title='bbox 1387 1112 1557 1149; x_wconf 89' lang='lat' dir='ltr'>minime.</span> <span class='ocrx_word' id='word_1_130' title='bbox 1619 1110 1741 1149; x_wconf 90' lang='lat' dir='ltr'>Video</span> 
     </span>
     <span class='ocr_line' id='line_1_18' title="bbox 187 1168 1744 1221; baseline -0.001 -13"><span class='ocrx_word' id='word_1_131' title='bbox 187 1171 291 1208; x_wconf 86' lang='lat' dir='ltr'>enim</span> <span class='ocrx_word' id='word_1_132' title='bbox 323 1169 369 1207; x_wconf 87' lang='lat' dir='ltr'>ab</span> <span class='ocrx_word' id='word_1_133' title='bbox 403 1181 448 1208; x_wconf 90' lang='lat' dir='ltr'>eo</span> <span class='ocrx_word' id='word_1_134' title='bbox 481 1169 557 1207; x_wconf 91' lang='lat' dir='ltr'>dici</span> <span class='ocrx_word' id='word_1_135' title='bbox 590 1169 710 1208; x_wconf 90' lang='lat' dir='ltr'>multa</span> <span class='ocrx_word' id='word_1_136' title='bbox 742 1181 896 1221; x_wconf 89' lang='lat' dir='ltr'>severe,</span> <span class='ocrx_word' id='word_1_137' title='bbox 930 1169 1046 1207; x_wconf 85' lang='lat' dir='ltr'>multa</span> <span class='ocrx_word' id='word_1_138' title='bbox 1080 1169 1290 1220; x_wconf 85' lang='lat' dir='ltr'>praeclare.</span> <span class='ocrx_word' id='word_1_139' title='bbox 1353 1168 1506 1221; x_wconf 83' lang='lat' dir='ltr'>Itaque,</span> <span class='ocrx_word' id='word_1_140' title='bbox 1546 1174 1588 1208; x_wconf 89' lang='lat' dir='ltr'>ut</span> <span class='ocrx_word' id='word_1_141' title='bbox 1627 1181 1744 1220; x_wconf 85' lang='lat' dir='ltr'>saepe</span> 
     </span>
     <span class='ocr_line' id='line_1_19' title="bbox 187 1227 1743 1279; baseline 0.001 -13"><span class='ocrx_word' id='word_1_142' title='bbox 187 1228 283 1279; x_wconf 85' lang='lat' dir='ltr'>dixi,</span> <span class='ocrx_word' id='word_1_143' title='bbox 327 1227 373 1266; x_wconf 91' lang='lat' dir='ltr'>de</span> <span class='ocrx_word' id='word_1_144' title='bbox 416 1229 594 1266; x_wconf 86' lang='lat' dir='ltr'>acumine</span> <span class='ocrx_word' id='word_1_145' title='bbox 627 1229 755 1277; x_wconf 86' lang='lat' dir='ltr'>agitur</span> <span class='ocrx_word' id='word_1_146' title='bbox 787 1229 889 1279; x_wconf 90' lang='lat' dir='ltr'>eius,</span> <span class='ocrx_word' id='word_1_147' title='bbox 934 1240 1011 1265; x_wconf 89' lang='lat' dir='ltr'>uon</span> <span class='ocrx_word' id='word_1_148' title='bbox 1049 1227 1097 1266; x_wconf 86' lang='lat' dir='ltr'>de</span> <span class='ocrx_word' id='word_1_149' title='bbox 1137 1227 1328 1279; x_wconf 75' lang='lat' dir='ltr'>moribus-3</span> <span class='ocrx_word' id='word_1_150' title='bbox 1373 1229 1549 1278; x_wconf 82' lang='lat' dir='ltr'>quamvis</span> <span class='ocrx_word' id='word_1_151' title='bbox 1582 1232 1743 1278; x_wconf 85' lang='lat' dir='ltr'>spernat</span> 
     </span>
     <span class='ocr_line' id='line_1_20' title="bbox 187 1285 1739 1337; baseline 0 -13"><span class='ocrx_word' id='word_1_152' title='bbox 187 1286 405 1337; x_wconf 86' lang='lat' dir='ltr'>voluptates</span> <span class='ocrx_word' id='word_1_153' title='bbox 446 1298 527 1337; x_wconf 86' lang='lat' dir='ltr'>eas,</span> <span class='ocrx_word' id='word_1_154' title='bbox 572 1298 668 1336; x_wconf 90' lang='lat' dir='ltr'>quas</span> <span class='ocrx_word' id='word_1_155' title='bbox 710 1286 824 1324; x_wconf 90' lang='lat' dir='ltr'>modo</span> <span class='ocrx_word' id='word_1_156' title='bbox 867 1286 1050 1336; x_wconf 83' lang='lat' dir='ltr'>laudavit,</span> <span class='ocrx_word' id='word_1_157' title='bbox 1093 1298 1164 1336; x_wconf 83' lang='lat' dir='ltr'>ego</span> <span class='ocrx_word' id='word_1_158' title='bbox 1207 1291 1334 1324; x_wconf 85' lang='lat' dir='ltr'>tamen</span> <span class='ocrx_word' id='word_1_159' title='bbox 1376 1287 1590 1324; x_wconf 87' lang='lat' dir='ltr'>meminero</span> <span class='ocrx_word' id='word_1_160' title='bbox 1633 1285 1739 1336; x_wconf 88' lang='lat' dir='ltr'>quod</span> 
     </span>
     <span class='ocr_line' id='line_1_21' title="bbox 187 1344 1739 1394; baseline -0.001 -11"><span class='ocrx_word' id='word_1_161' title='bbox 187 1344 364 1383; x_wconf 87' lang='lat' dir='ltr'>videatur</span> <span class='ocrx_word' id='word_1_162' title='bbox 396 1346 432 1383; x_wconf 90' lang='lat' dir='ltr'>ei</span> <span class='ocrx_word' id='word_1_163' title='bbox 465 1356 662 1383; x_wconf 83' lang='lat' dir='ltr'>summurn</span> <span class='ocrx_word' id='word_1_164' title='bbox 700 1344 856 1382; x_wconf 85' lang='lat' dir='ltr'>bonum.</span> <span class='ocrx_word' id='word_1_165' title='bbox 919 1344 1004 1382; x_wconf 88' lang='lat' dir='ltr'>Non</span> <span class='ocrx_word' id='word_1_166' title='bbox 1043 1346 1146 1382; x_wconf 91' lang='lat' dir='ltr'>enim</span> <span class='ocrx_word' id='word_1_167' title='bbox 1184 1344 1301 1382; x_wconf 87' lang='lat' dir='ltr'>verbo</span> <span class='ocrx_word' id='word_1_168' title='bbox 1341 1344 1468 1382; x_wconf 85' lang='lat' dir='ltr'>solum</span> <span class='ocrx_word' id='word_1_169' title='bbox 1505 1345 1639 1394; x_wconf 89' lang='lat' dir='ltr'>posuit</span> <span class='ocrx_word' id='word_1_170' title='bbox 1675 1356 1739 1390; x_wconf 66' lang='lat' dir='ltr'>yo-</span> 
     </span>
     <span class='ocr_line' id='line_1_22' title="bbox 188 1399 1746 1455; baseline -0.001 -14"><span class='ocrx_word' id='word_1_171' title='bbox 188 1403 396 1455; x_wconf 88' lang='lat' dir='ltr'>luptatem,</span> <span class='ocrx_word' id='word_1_172' title='bbox 429 1403 497 1441; x_wconf 88' lang='lat' dir='ltr'>sed</span> <span class='ocrx_word' id='word_1_173' title='bbox 530 1403 748 1453; x_wconf 88' lang='lat' dir='ltr'>explanavit</span> <span class='ocrx_word' id='word_1_174' title='bbox 786 1403 879 1453; x_wconf 84' lang='lat' dir='ltr'>quid</span> <span class='ocrx_word' id='word_1_175' title='bbox 918 1403 1077 1441; x_wconf 76' lang='lat' dir='ltr'>diceret.</span> <span class='ocrx_word' id='word_1_176' title='bbox 1141 1399 1360 1453; x_wconf 70' lang='lat' dir='ltr'>‘Saporem&#39;</span> <span class='ocrx_word' id='word_1_177' title='bbox 1400 1404 1528 1453; x_wconf 87' lang='lat' dir='ltr'>inquit</span> <span class='ocrx_word' id='word_1_178' title='bbox 1565 1399 1621 1440; x_wconf 79' lang='lat' dir='ltr'>‘et</span> <span class='ocrx_word' id='word_1_179' title='bbox 1659 1414 1746 1441; x_wconf 87' lang='lat' dir='ltr'>cor-</span> 
     </span>
     <span class='ocr_line' id='line_1_23' title="bbox 188 1460 1747 1512; baseline -0.001 -12"><span class='ocrx_word' id='word_1_180' title='bbox 188 1473 330 1512; x_wconf 89' lang='lat' dir='ltr'>porum</span> <span class='ocrx_word' id='word_1_181' title='bbox 368 1461 602 1512; x_wconf 88' lang='lat' dir='ltr'>conplexum</span> <span class='ocrx_word' id='word_1_182' title='bbox 644 1467 682 1500; x_wconf 92' lang='lat' dir='ltr'>et</span> <span class='ocrx_word' id='word_1_183' title='bbox 722 1461 835 1499; x_wconf 90' lang='lat' dir='ltr'>ludos</span> <span class='ocrx_word' id='word_1_184' title='bbox 877 1466 992 1511; x_wconf 83' lang='lat' dir='ltr'>atque</span> <span class='ocrx_word' id='word_1_185' title='bbox 1036 1466 1174 1499; x_wconf 88' lang='lat' dir='ltr'>cantus</span> <span class='ocrx_word' id='word_1_186' title='bbox 1216 1466 1255 1499; x_wconf 88' lang='lat' dir='ltr'>et</span> <span class='ocrx_word' id='word_1_187' title='bbox 1295 1461 1439 1499; x_wconf 88' lang='lat' dir='ltr'>formas</span> <span class='ocrx_word' id='word_1_188' title='bbox 1478 1472 1560 1511; x_wconf 88' lang='lat' dir='ltr'>eas,</span> <span class='ocrx_word' id='word_1_189' title='bbox 1602 1460 1747 1511; x_wconf 90' lang='lat' dir='ltr'>quibus</span> 
     </span>
     <span class='ocr_line' id='line_1_24' title="bbox 189 1516 1747 1571; baseline 0 -13"><span class='ocrx_word' id='word_1_190' title='bbox 189 1519 293 1558; x_wconf 89' lang='lat' dir='ltr'>oculi</span> <span class='ocrx_word' id='word_1_191' title='bbox 325 1520 496 1558; x_wconf 79' lang='lat' dir='ltr'>iucunde</span> <span class='ocrx_word' id='word_1_192' title='bbox 528 1516 787 1557; x_wconf 84' lang='lat' dir='ltr'>moveantur.&#39;</span> <span class='ocrx_word' id='word_1_193' title='bbox 849 1519 951 1558; x_wconf 88' lang='lat' dir='ltr'>Num</span> <span class='ocrx_word' id='word_1_194' title='bbox 984 1520 1105 1571; x_wconf 84' lang='lat' dir='ltr'>fingo,</span> <span class='ocrx_word' id='word_1_195' title='bbox 1143 1531 1238 1557; x_wconf 89' lang='lat' dir='ltr'>num</span> <span class='ocrx_word' id='word_1_196' title='bbox 1270 1516 1468 1558; x_wconf 79' lang='lat' dir='ltr'>mentior?</span> <span class='ocrx_word' id='word_1_197' title='bbox 1530 1518 1653 1570; x_wconf 90' lang='lat' dir='ltr'>Cupio</span> <span class='ocrx_word' id='word_1_198' title='bbox 1686 1531 1747 1558; x_wconf 85' lang='lat' dir='ltr'>re-</span> 
     </span>
     <span class='ocr_line' id='line_1_25' title="bbox 189 1577 1747 1630; baseline 0 -14"><span class='ocrx_word' id='word_1_199' title='bbox 189 1578 284 1630; x_wconf 81' lang='lat' dir='ltr'>l&#39;elli3</span> <span class='ocrx_word' id='word_1_200' title='bbox 319 1579 412 1629; x_wconf 91' lang='lat' dir='ltr'>quid</span> <span class='ocrx_word' id='word_1_201' title='bbox 445 1580 548 1616; x_wconf 91' lang='lat' dir='ltr'>enim</span> <span class='ocrx_word' id='word_1_202' title='bbox 581 1577 733 1630; x_wconf 86' lang='lat' dir='ltr'>laboro,</span> <span class='ocrx_word' id='word_1_203' title='bbox 773 1579 848 1616; x_wconf 88' lang='lat' dir='ltr'>nisi</span> <span class='ocrx_word' id='word_1_204' title='bbox 880 1584 923 1616; x_wconf 89' lang='lat' dir='ltr'>ut</span> <span class='ocrx_word' id='word_1_205' title='bbox 954 1579 1098 1616; x_wconf 86' lang='lat' dir='ltr'>veritas</span> <span class='ocrx_word' id='word_1_206' title='bbox 1136 1579 1176 1615; x_wconf 89' lang='lat' dir='ltr'>in</span> <span class='ocrx_word' id='word_1_207' title='bbox 1214 1579 1320 1615; x_wconf 90' lang='lat' dir='ltr'>omni</span> <span class='ocrx_word' id='word_1_208' title='bbox 1358 1578 1587 1628; x_wconf 83' lang='lat' dir='ltr'>quaestione</span> <span class='ocrx_word' id='word_1_209' title='bbox 1628 1577 1747 1628; x_wconf 89' lang='lat' dir='ltr'>expli-</span> 
     </span>
    </p>

    <p class='ocr_par' dir='ltr' id='par_1_14' title="bbox 130 1634 1748 1805">
     <span class='ocr_line' id='line_1_26' title="bbox 130 1634 1748 1686; baseline -0.001 -11"><span class='ocrx_word' id='word_1_210' title='bbox 130 1645 173 1675; x_wconf 74' lang='lat'>47</span> <span class='ocrx_word' id='word_1_211' title='bbox 191 1634 332 1675; x_wconf 80' lang='lat' dir='ltr'>cetur?</span> <span class='ocrx_word' id='word_1_212' title='bbox 393 1637 441 1675; x_wconf 87' lang='lat' dir='ltr'>At</span> <span class='ocrx_word' id='word_1_213' title='bbox 472 1636 575 1674; x_wconf 88' lang='lat' dir='ltr'>idem</span> <span class='ocrx_word' id='word_1_214' title='bbox 608 1637 660 1674; x_wconf 90' lang='lat' dir='ltr'>ait</span> <span class='ocrx_word' id='word_1_215' title='bbox 692 1648 770 1674; x_wconf 88' lang='lat' dir='ltr'>non</span> <span class='ocrx_word' id='word_1_216' title='bbox 803 1648 984 1674; x_wconf 87' lang='lat' dir='ltr'>crescere</span> <span class='ocrx_word' id='word_1_217' title='bbox 1011 1635 1249 1686; x_wconf 82' lang='lat' dir='ltr'>voluptatem</span> <span class='ocrx_word' id='word_1_218' title='bbox 1276 1635 1409 1674; x_wconf 88' lang='lat' dir='ltr'>dolore</span> <span class='ocrx_word' id='word_1_219' title='bbox 1440 1635 1615 1675; x_wconf 89' lang='lat' dir='ltr'>detracto</span> <span class='ocrx_word' id='word_1_220' title='bbox 1643 1647 1748 1674; x_wconf 90' lang='lat' dir='ltr'>sum-</span> 
     </span>
     <span class='ocr_line' id='line_1_27' title="bbox 191 1694 1748 1746; baseline -0.001 -12"><span class='ocrx_word' id='word_1_221' title='bbox 191 1707 372 1746; x_wconf 89' lang='lat' dir='ltr'>mamque</span> <span class='ocrx_word' id='word_1_222' title='bbox 413 1707 497 1734; x_wconf 79' lang='lat' dir='ltr'>esse</span> <span class='ocrx_word' id='word_1_223' title='bbox 535 1694 773 1745; x_wconf 87' lang='lat' dir='ltr'>voluptatem</span> <span class='ocrx_word' id='word_1_224' title='bbox 812 1694 906 1732; x_wconf 89' lang='lat' dir='ltr'>nihil</span> <span class='ocrx_word' id='word_1_225' title='bbox 945 1694 1089 1732; x_wconf 89' lang='lat' dir='ltr'>dolere.</span> <span class='ocrx_word' id='word_1_226' title='bbox 1151 1694 1291 1732; x_wconf 89' lang='lat' dir='ltr'>Paucis</span> <span class='ocrx_word' id='word_1_227' title='bbox 1330 1694 1459 1732; x_wconf 84' lang='lat' dir='ltr'>verbis</span> <span class='ocrx_word' id='word_1_228' title='bbox 1498 1696 1572 1732; x_wconf 91' lang='lat' dir='ltr'>tria</span> <span class='ocrx_word' id='word_1_229' title='bbox 1610 1705 1748 1745; x_wconf 84' lang='lat' dir='ltr'>magna</span> 
     </span>
     <span class='ocr_line' id='line_1_28' title="bbox 191 1751 1747 1805; baseline -0.001 -13"><span class='ocrx_word' id='word_1_230' title='bbox 191 1759 362 1804; x_wconf 86' lang='lat' dir='ltr'>peccata.</span> <span class='ocrx_word' id='word_1_231' title='bbox 426 1753 569 1805; x_wconf 91' lang='lat' dir='ltr'>Unum,</span> <span class='ocrx_word' id='word_1_232' title='bbox 604 1753 708 1804; x_wconf 89' lang='lat' dir='ltr'>quod</span> <span class='ocrx_word' id='word_1_233' title='bbox 742 1765 877 1791; x_wconf 87' lang='lat' dir='ltr'>secum</span> <span class='ocrx_word' id='word_1_234' title='bbox 909 1755 992 1804; x_wconf 87' lang='lat' dir='ltr'>ipse</span> <span class='ocrx_word' id='word_1_235' title='bbox 1025 1758 1183 1803; x_wconf 87' lang='lat' dir='ltr'>pugnat.</span> <span class='ocrx_word' id='word_1_236' title='bbox 1245 1751 1359 1790; x_wconf 88' lang='lat' dir='ltr'>Modo</span> <span class='ocrx_word' id='word_1_237' title='bbox 1392 1754 1495 1791; x_wconf 90' lang='lat' dir='ltr'>enim</span> <span class='ocrx_word' id='word_1_238' title='bbox 1534 1764 1582 1790; x_wconf 86' lang='lat' dir='ltr'>ne</span> <span class='ocrx_word' id='word_1_239' title='bbox 1621 1753 1747 1804; x_wconf 85' lang='lat' dir='ltr'>suspi-</span> 
     </span>
    </p>
   </div>
   <div class='ocr_carea' id='block_1_3' title="bbox 188 1865 933 2890">
    <p class='ocr_par' dir='ltr' id='par_1_15' title="bbox 188 1865 927 1957">
     <span class='ocr_line' id='line_1_29' title="bbox 194 1865 927 1911; baseline -0.001 -11"><span class='ocrx_word' id='word_1_240' title='bbox 194 1905 212 1911; x_wconf 93' lang='lat'>..</span> <span class='ocrx_word' id='word_1_241' title='bbox 235 1866 423 1910; x_wconf 71' lang='lat' dir='ltr'>adiunyit,</span> <span class='ocrx_word' id='word_1_242' title='bbox 467 1865 629 1900; x_wconf 71' lang='lat' dir='ltr'>niimlicli</span> <span class='ocrx_word' id='word_1_243' title='bbox 667 1865 927 1900; x_wconf 78' lang='lat' dir='ltr'>Andromache.</span> 
     </span>
     <span class='ocr_line' id='line_1_30' title="bbox 188 1912 927 1957; baseline 0 -11"><span class='ocrx_word' id='word_1_244' title='bbox 188 1913 288 1947; x_wconf 88' lang='lat' dir='ltr'>Uber</span> <span class='ocrx_word' id='word_1_245' title='bbox 313 1912 371 1946; x_wconf 89' lang='lat' dir='ltr'>die</span> <span class='ocrx_word' id='word_1_246' title='bbox 397 1912 487 1957; x_wconf 86' lang='lat' dir='ltr'>folg.</span> <span class='ocrx_word' id='word_1_247' title='bbox 508 1912 622 1946; x_wconf 87' lang='lat' dir='ltr'>Verse</span> <span class='ocrx_word' id='word_1_248' title='bbox 649 1924 675 1946; x_wconf 82' lang='lat' dir='ltr'>s,</span> <span class='ocrx_word' id='word_1_249' title='bbox 703 1925 732 1948; x_wconf 85' lang='lat' dir='ltr'>z.</span> <span class='ocrx_word' id='word_1_250' title='bbox 759 1913 774 1945; x_wconf 93' lang='lat' dir='ltr'>I</span> <span class='ocrx_word' id='word_1_251' title='bbox 795 1916 851 1955; x_wconf 84' lang='lat'>35,</span> <span class='ocrx_word' id='word_1_252' title='bbox 872 1915 927 1946; x_wconf 87' lang='lat'>85.</span> 
     </span>
    </p>

    <p class='ocr_par' dir='ltr' id='par_1_16' title="bbox 188 1956 933 2600">
     <span class='ocr_line' id='line_1_31' title="bbox 236 1956 928 2004; baseline -0.001 -11"><span class='ocrx_word' id='word_1_253' title='bbox 236 1963 293 1994; x_wconf 83' lang='lat'>46.</span> <span class='ocrx_word' id='word_1_254' title='bbox 318 1959 499 2004; x_wconf 75' lang='lat' dir='ltr'>hedychri.</span> <span class='ocrx_word' id='word_1_255' title='bbox 551 1956 757 2002; x_wconf 81' lang='grc' dir='ltr'><strong>ἡδύχρουν,</strong></span> <span class='ocrx_word' id='word_1_256' title='bbox 787 1958 928 2003; x_wconf 80' lang='lat' dir='ltr'>eigent-</span> 
     </span>
     <span class='ocr_line' id='line_1_32' title="bbox 189 2002 928 2050; baseline -0.001 -10"><span class='ocrx_word' id='word_1_257' title='bbox 189 2005 264 2040; x_wconf 85' lang='lat' dir='ltr'>lich</span> <span class='ocrx_word' id='word_1_258' title='bbox 302 2005 368 2040; x_wconf 82' lang='lat' dir='ltr'>das</span> <span class='ocrx_word' id='word_1_259' title='bbox 408 2005 693 2050; x_wconf 77' lang='lat' dir='ltr'>Sch6nfarbige,</span> <span class='ocrx_word' id='word_1_260' title='bbox 733 2005 801 2039; x_wconf 83' lang='lat' dir='ltr'>wie</span> <span class='ocrx_word' id='word_1_261' title='bbox 839 2002 928 2049; x_wconf 84' lang='grc' dir='ltr'><em>ἡδύ-</em></span> 
     </span>
     <span class='ocr_line' id='line_1_33' title="bbox 188 2049 928 2096; baseline -0.001 -10"><span class='ocrx_word' id='word_1_262' title='bbox 188 2065 300 2096; x_wconf 84' lang='grc' dir='ltr'><strong><em>χρουν</em></strong></span> <span class='ocrx_word' id='word_1_263' title='bbox 326 2049 533 2095; x_wconf 82' lang='grc' dir='ltr'><strong><em>πρόςωπον.</em></strong></span> <span class='ocrx_word' id='word_1_264' title='bbox 585 2053 682 2086; x_wconf 88' lang='lat' dir='ltr'>Aber</span> <span class='ocrx_word' id='word_1_265' title='bbox 702 2052 760 2086; x_wconf 86' lang='lat' dir='ltr'>die</span> <span class='ocrx_word' id='word_1_266' title='bbox 780 2052 847 2086; x_wconf 79' lang='lat' dir='ltr'>auf</span> <span class='ocrx_word' id='word_1_267' title='bbox 863 2052 928 2086; x_wconf 84' lang='lat' dir='ltr'>das</span> 
     </span>
     <span class='ocr_line' id='line_1_34' title="bbox 189 2098 927 2143; baseline -0.001 -10"><span class='ocrx_word' id='word_1_268' title='bbox 189 2098 343 2134; x_wconf 82' lang='lat' dir='ltr'>Gesicht</span> <span class='ocrx_word' id='word_1_269' title='bbox 356 2099 597 2143; x_wconf 78' lang='lat' dir='ltr'>beziiglichen</span> <span class='ocrx_word' id='word_1_270' title='bbox 608 2098 824 2133; x_wconf 78' lang='lat' dir='ltr'>Ausdn&#39;icke</span> <span class='ocrx_word' id='word_1_271' title='bbox 838 2109 927 2132; x_wconf 88' lang='lat' dir='ltr'>wer-</span> 
     </span>
     <span class='ocr_line' id='line_1_35' title="bbox 189 2145 930 2189; baseline -0.003 -9"><span class='ocrx_word' id='word_1_272' title='bbox 189 2146 259 2180; x_wconf 86' lang='lat' dir='ltr'>den</span> <span class='ocrx_word' id='word_1_273' title='bbox 297 2145 364 2180; x_wconf 82' lang='lat' dir='ltr'>auf</span> <span class='ocrx_word' id='word_1_274' title='bbox 397 2145 468 2180; x_wconf 87' lang='lat' dir='ltr'>den</span> <span class='ocrx_word' id='word_1_275' title='bbox 506 2145 649 2180; x_wconf 87' lang='lat' dir='ltr'>Geruch</span> <span class='ocrx_word' id='word_1_276' title='bbox 695 2146 930 2189; x_wconf 78' lang='lat' dir='ltr'>fibertragen,</span> 
     </span>
     <span class='ocr_line' id='line_1_36' title="bbox 189 2189 930 2236; baseline -0.001 -10"><span class='ocrx_word' id='word_1_277' title='bbox 189 2192 304 2227; x_wconf 76' lang='lat' dir='ltr'>daher</span> <span class='ocrx_word' id='word_1_278' title='bbox 329 2189 518 2236; x_wconf 79' lang='grc' dir='ltr'><em>ἡὸύχρουν</em></span> <span class='ocrx_word' id='word_1_279' title='bbox 547 2192 627 2226; x_wconf 78' lang='lat' dir='ltr'>‘das</span> <span class='ocrx_word' id='word_1_280' title='bbox 651 2192 930 2227; x_wconf 85' lang='lat' dir='ltr'>Wohlriechen-</span> 
     </span>
     <span class='ocr_line' id='line_1_37' title="bbox 190 2239 932 2274; baseline 0 -2"><span class='ocrx_word' id='word_1_281' title='bbox 190 2239 265 2273; x_wconf 89' lang='lat' dir='ltr'>de&#39;.</span> <span class='ocrx_word' id='word_1_282' title='bbox 316 2239 364 2272; x_wconf 86' lang='lat' dir='ltr'>Es</span> <span class='ocrx_word' id='word_1_283' title='bbox 402 2250 479 2273; x_wconf 80' lang='lat' dir='ltr'>war</span> <span class='ocrx_word' id='word_1_284' title='bbox 523 2239 604 2274; x_wconf 88' lang='lat' dir='ltr'>eine</span> <span class='ocrx_word' id='word_1_285' title='bbox 642 2239 710 2272; x_wconf 79' lang='lat' dir='ltr'>Art</span> <span class='ocrx_word' id='word_1_286' title='bbox 748 2239 932 2273; x_wconf 61' lang='lat' dir='ltr'>Raucher-</span> 
     </span>
     <span class='ocr_line' id='line_1_38' title="bbox 189 2284 932 2328; baseline 0 -10"><span class='ocrx_word' id='word_1_287' title='bbox 189 2285 308 2328; x_wconf 84' lang='lat' dir='ltr'>werk‚</span> <span class='ocrx_word' id='word_1_288' title='bbox 335 2285 400 2320; x_wconf 81' lang='lat' dir='ltr'>das</span> <span class='ocrx_word' id='word_1_289' title='bbox 426 2285 626 2320; x_wconf 82' lang='lat' dir='ltr'>besonders</span> <span class='ocrx_word' id='word_1_290' title='bbox 652 2286 690 2319; x_wconf 85' lang='lat' dir='ltr'>in</span> <span class='ocrx_word' id='word_1_291' title='bbox 715 2286 788 2320; x_wconf 88' lang='lat' dir='ltr'>Kos</span> <span class='ocrx_word' id='word_1_292' title='bbox 814 2284 932 2319; x_wconf 87' lang='lat' dir='ltr'>berei-</span> 
     </span>
     <span class='ocr_line' id='line_1_39' title="bbox 189 2331 931 2366; baseline 0 0"><span class='ocrx_word' id='word_1_293' title='bbox 189 2333 246 2366; x_wconf 73' lang='lat' dir='ltr'>tet</span> <span class='ocrx_word' id='word_1_294' title='bbox 275 2332 350 2365; x_wconf 88' lang='lat' dir='ltr'>und</span> <span class='ocrx_word' id='word_1_295' title='bbox 381 2333 474 2366; x_wconf 82' lang='lat' dir='ltr'>auch</span> <span class='ocrx_word' id='word_1_296' title='bbox 501 2333 660 2366; x_wconf 82' lang='lat' dir='ltr'>anderen</span> <span class='ocrx_word' id='word_1_297' title='bbox 686 2331 830 2366; x_wconf 82' lang='lat' dir='ltr'>Sachen</span> <span class='ocrx_word' id='word_1_298' title='bbox 855 2332 931 2366; x_wconf 86' lang='lat' dir='ltr'>bei-</span> 
     </span>
     <span class='ocr_line' id='line_1_40' title="bbox 189 2378 931 2423; baseline 0 -11"><span class='ocrx_word' id='word_1_299' title='bbox 189 2378 375 2423; x_wconf 76' lang='lat' dir='ltr'>gemischt</span> <span class='ocrx_word' id='word_1_300' title='bbox 406 2379 548 2421; x_wconf 87' lang='lat' dir='ltr'>wurde,</span> <span class='ocrx_word' id='word_1_301' title='bbox 585 2391 649 2413; x_wconf 87' lang='lat' dir='ltr'>um</span> <span class='ocrx_word' id='word_1_302' title='bbox 680 2379 793 2413; x_wconf 88' lang='lat' dir='ltr'>ihnen</span> <span class='ocrx_word' id='word_1_303' title='bbox 825 2379 931 2413; x_wconf 87' lang='lat' dir='ltr'>einen</span> 
     </span>
     <span class='ocr_line' id='line_1_41' title="bbox 190 2425 933 2507; baseline 0 -1"><span class='ocrx_word' id='word_1_304' title='bbox 190 2425 470 2507; x_wconf 52' lang='lat' dir='ltr'>tnnzissiffissssa</span> <span class='ocrx_word' id='word_1_305' title='bbox 478 2425 622 2506; x_wconf 53' lang='lat' dir='ltr'>{55¹2ssss</span> <span class='ocrx_word' id='word_1_306' title='bbox 634 2426 933 2506; x_wconf 39' lang='lat' dir='ltr'>suffieit...</span> 
     </span>
     <span class='ocr_line' id='line_1_42' title="bbox 190 2518 932 2553; baseline 0 -1"><span class='ocrx_word' id='word_1_307' title='bbox 190 2530 271 2552; x_wconf 90' lang='lat' dir='ltr'>zum</span> <span class='ocrx_word' id='word_1_308' title='bbox 305 2518 506 2552; x_wconf 77' lang='lat' dir='ltr'>Anziinden</span> <span class='ocrx_word' id='word_1_309' title='bbox 544 2519 608 2553; x_wconf 84' lang='lat' dir='ltr'>des</span> <span class='ocrx_word' id='word_1_310' title='bbox 640 2518 932 2553; x_wconf 63' lang='lat' dir='ltr'>Riiucherwerks</span> 
     </span>
     <span class='ocr_line' id='line_1_43' title="bbox 190 2566 465 2600; baseline 0.004 -2"><span class='ocrx_word' id='word_1_311' title='bbox 190 2577 233 2598; x_wconf 89' lang='lat' dir='ltr'>zu</span> <span class='ocrx_word' id='word_1_312' title='bbox 258 2566 465 2600; x_wconf 81' lang='lat' dir='ltr'>verstehen.</span> 
     </span>
    </p>

    <p class='ocr_par' dir='ltr' id='par_1_17' title="bbox 237 2612 781 2655">
     <span class='ocr_line' id='line_1_44' title="bbox 237 2612 781 2655; baseline 0 -9"><span class='ocrx_word' id='word_1_313' title='bbox 237 2612 423 2646; x_wconf 73' lang='lat' dir='ltr'>videamus</span> <span class='ocrx_word' id='word_1_314' title='bbox 449 2629 492 2640; x_wconf 96' lang='lat'><strong><em>=</em></strong></span> <span class='ocrx_word' id='word_1_315' title='bbox 515 2613 781 2655; x_wconf 74' lang='lat' dir='ltr'>provideamus,</span> 
     </span>
    </p>

    <p class='ocr_par' dir='ltr' id='par_1_18' title="bbox 190 2658 931 2890">
     <span class='ocr_line' id='line_1_45' title="bbox 237 2658 931 2703; baseline 0.001 -11"><span class='ocrx_word' id='word_1_316' title='bbox 237 2669 282 2692; x_wconf 75' lang='lat' dir='ltr'>ne</span> <span class='ocrx_word' id='word_1_317' title='bbox 306 2659 505 2702; x_wconf 59' lang='lat' dir='ltr'>intellegere</span> <span class='ocrx_word' id='word_1_318' title='bbox 528 2662 560 2692; x_wconf 84' lang='lat' dir='ltr'>te</span> <span class='ocrx_word' id='word_1_319' title='bbox 578 2659 730 2702; x_wconf 73' lang='lat' dir='ltr'>quidem.</span> <span class='ocrx_word' id='word_1_320' title='bbox 781 2658 849 2692; x_wconf 89' lang='lat' dir='ltr'>Die</span> <span class='ocrx_word' id='word_1_321' title='bbox 869 2669 931 2703; x_wconf 85' lang='lat' dir='ltr'>ge-</span> 
     </span>
     <span class='ocr_line' id='line_1_46' title="bbox 191 2705 929 2749; baseline 0 -10"><span class='ocrx_word' id='word_1_322' title='bbox 191 2705 398 2740; x_wconf 72' lang='lat' dir='ltr'>wohnliche</span> <span class='ocrx_word' id='word_1_323' title='bbox 424 2705 698 2749; x_wconf 76' lang='lat' dir='ltr'>Wortstellung</span> <span class='ocrx_word' id='word_1_324' title='bbox 722 2705 770 2739; x_wconf 76' lang='lat' dir='ltr'>ist</span> <span class='ocrx_word' id='word_1_325' title='bbox 798 2715 842 2739; x_wconf 75' lang='lat' dir='ltr'>ne</span> <span class='ocrx_word' id='word_1_326' title='bbox 874 2706 929 2739; x_wconf 70' lang='lat' dir='ltr'>in-</span> 
     </span>
     <span class='ocr_line' id='line_1_47' title="bbox 190 2752 930 2797; baseline -0.001 -11"><span class='ocrx_word' id='word_1_327' title='bbox 190 2753 348 2797; x_wconf 71' lang='lat' dir='ltr'>telleyere</span> <span class='ocrx_word' id='word_1_328' title='bbox 384 2753 525 2796; x_wconf 76' lang='lat' dir='ltr'>quidem</span> <span class='ocrx_word' id='word_1_329' title='bbox 563 2756 613 2794; x_wconf 80' lang='lat' dir='ltr'>te;</span> <span class='ocrx_word' id='word_1_330' title='bbox 651 2752 739 2787; x_wconf 85' lang='lat' dir='ltr'>aber</span> <span class='ocrx_word' id='word_1_331' title='bbox 775 2752 848 2796; x_wconf 89' lang='lat' dir='ltr'>vgl.</span> <span class='ocrx_word' id='word_1_332' title='bbox 886 2752 930 2786; x_wconf 88' lang='lat' dir='ltr'>de</span> 
     </span>
     <span class='ocr_line' id='line_1_48' title="bbox 191 2799 931 2843; baseline 0.003 -12"><span class='ocrx_word' id='word_1_333' title='bbox 191 2799 251 2835; x_wconf 89' lang='lat' dir='ltr'>fin.</span> <span class='ocrx_word' id='word_1_334' title='bbox 278 2799 329 2833; x_wconf 92' lang='lat' dir='ltr'>IV</span> <span class='ocrx_word' id='word_1_335' title='bbox 349 2803 411 2843; x_wconf 79' lang='lat'>27,</span> <span class='ocrx_word' id='word_1_336' title='bbox 433 2803 476 2834; x_wconf 85' lang='lat'>76</span> <span class='ocrx_word' id='word_1_337' title='bbox 502 2800 557 2834; x_wconf 77' lang='lat' dir='ltr'>ita</span> <span class='ocrx_word' id='word_1_338' title='bbox 581 2811 625 2834; x_wconf 77' lang='lat' dir='ltr'>ne</span> <span class='ocrx_word' id='word_1_339' title='bbox 649 2800 713 2833; x_wconf 80' lang='lat' dir='ltr'>hoc</span> <span class='ocrx_word' id='word_1_340' title='bbox 738 2799 840 2833; x_wconf 82' lang='lat' dir='ltr'>modo</span> <span class='ocrx_word' id='word_1_341' title='bbox 862 2810 931 2843; x_wconf 77' lang='lat' dir='ltr'>pa-</span> 
     </span>
     <span class='ocr_line' id='line_1_49' title="bbox 191 2845 930 2890; baseline -0.004 -10"><span class='ocrx_word' id='word_1_342' title='bbox 191 2847 249 2880; x_wconf 75' lang='lat' dir='ltr'>ria</span> <span class='ocrx_word' id='word_1_343' title='bbox 291 2847 433 2890; x_wconf 74' lang='lat' dir='ltr'>quidem</span> <span class='ocrx_word' id='word_1_344' title='bbox 475 2849 633 2890; x_wconf 71' lang='lat' dir='ltr'>peccata.</span> <span class='ocrx_word' id='word_1_345' title='bbox 689 2846 736 2880; x_wconf 75' lang='lat' dir='ltr'>ad</span> <span class='ocrx_word' id='word_1_346' title='bbox 780 2845 856 2880; x_wconf 19' lang='lat' dir='ltr'>Atti.</span> <span class='ocrx_word' id='word_1_347' title='bbox 897 2845 930 2880; x_wconf 87' lang='grc' dir='ltr'>ΙΙ</span> 
     </span>
    </p>
   </div>
   <div class='ocr_carea' id='block_1_4' title="bbox 1001 1865 1770 2880">
    <p class='ocr_par' dir='ltr' id='par_1_19' title="bbox 1001 1865 1750 1956">
     <span class='ocr_line' id='line_1_50' title="bbox 1005 1865 1750 1910; baseline 0 -11"><span class='ocrx_word' id='word_1_348' title='bbox 1005 1869 1066 1908; x_wconf 88' lang='grc'>19,</span> <span class='ocrx_word' id='word_1_349' title='bbox 1095 1870 1111 1899; x_wconf 93' lang='grc'>1</span> <span class='ocrx_word' id='word_1_350' title='bbox 1140 1875 1200 1910; x_wconf 68' lang='lat' dir='ltr'>eqo</span> <span class='ocrx_word' id='word_1_351' title='bbox 1234 1868 1353 1899; x_wconf 76' lang='lat' dir='ltr'>autem</span> <span class='ocrx_word' id='word_1_352' title='bbox 1385 1875 1429 1899; x_wconf 76' lang='lat' dir='ltr'>ne</span> <span class='ocrx_word' id='word_1_353' title='bbox 1460 1865 1572 1899; x_wconf 73' lang='lat' dir='ltr'>irasci</span> <span class='ocrx_word' id='word_1_354' title='bbox 1598 1875 1750 1909; x_wconf 69' lang='lat' dir='ltr'>possum</span> 
     </span>
     <span class='ocr_line' id='line_1_51' title="bbox 1001 1912 1587 1956; baseline 0.002 -10"><span class='ocrx_word' id='word_1_355' title='bbox 1001 1912 1143 1956; x_wconf 76' lang='lat' dir='ltr'>quidem</span> <span class='ocrx_word' id='word_1_356' title='bbox 1168 1913 1233 1953; x_wconf 76' lang='lat' dir='ltr'>iis,</span> <span class='ocrx_word' id='word_1_357' title='bbox 1258 1922 1344 1956; x_wconf 79' lang='lat' dir='ltr'>quos</span> <span class='ocrx_word' id='word_1_358' title='bbox 1369 1912 1473 1946; x_wconf 80' lang='lat' dir='ltr'>valde</span> <span class='ocrx_word' id='word_1_359' title='bbox 1498 1922 1587 1947; x_wconf 87' lang='lat' dir='ltr'>amo.</span> 
     </span>
    </p>

    <p class='ocr_par' dir='ltr' id='par_1_20' title="bbox 1001 1958 1749 2142">
     <span class='ocr_line' id='line_1_52' title="bbox 1049 1958 1749 2003; baseline 0.001 -12"><span class='ocrx_word' id='word_1_360' title='bbox 1049 1958 1140 2003; x_wconf 83' lang='lat' dir='ltr'>Kap.</span> <span class='ocrx_word' id='word_1_361' title='bbox 1168 1958 1230 1993; x_wconf 77' lang='lat'>20.</span> <span class='ocrx_word' id='word_1_362' title='bbox 1270 1959 1431 1993; x_wconf 77' lang='lat' dir='ltr'>verbo—</span> <span class='ocrx_word' id='word_1_363' title='bbox 1443 1959 1567 2002; x_wconf 72' lang='lat' dir='ltr'>posuit</span> <span class='ocrx_word' id='word_1_364' title='bbox 1591 1958 1749 2002; x_wconf 53' lang='lat' dir='ltr'>volupia,</span> 
     </span>
     <span class='ocr_line' id='line_1_53' title="bbox 1002 2005 1747 2049; baseline 0.001 -10"><span class='ocrx_word' id='word_1_365' title='bbox 1002 2005 1034 2040; x_wconf 85' lang='lat' dir='ltr'>d.</span> <span class='ocrx_word' id='word_1_366' title='bbox 1067 2006 1089 2040; x_wconf 87' lang='lat' dir='ltr'>i.</span> <span class='ocrx_word' id='word_1_367' title='bbox 1129 2006 1233 2039; x_wconf 74' lang='lat' dir='ltr'>verbo</span> <span class='ocrx_word' id='word_1_368' title='bbox 1270 2006 1385 2040; x_wconf 81' lang='lat' dir='ltr'>solum</span> <span class='ocrx_word' id='word_1_369' title='bbox 1421 2005 1620 2049; x_wconf 76' lang='lat' dir='ltr'>volwptatis</span> <span class='ocrx_word' id='word_1_370' title='bbox 1656 2015 1747 2040; x_wconf 76' lang='lat' dir='ltr'>usus</span> 
     </span>
     <span class='ocr_line' id='line_1_54' title="bbox 1001 2050 1744 2096; baseline 0.001 -11"><span class='ocrx_word' id='word_1_371' title='bbox 1001 2055 1068 2094; x_wconf 70' lang='lat' dir='ltr'>est,</span> <span class='ocrx_word' id='word_1_372' title='bbox 1096 2062 1134 2085; x_wconf 89' lang='lat' dir='ltr'>er</span> <span class='ocrx_word' id='word_1_373' title='bbox 1159 2052 1226 2085; x_wconf 79' lang='lat' dir='ltr'>hat</span> <span class='ocrx_word' id='word_1_374' title='bbox 1250 2052 1321 2085; x_wconf 88' lang='lat' dir='ltr'>den</span> <span class='ocrx_word' id='word_1_375' title='bbox 1346 2051 1490 2096; x_wconf 83' lang='lat' dir='ltr'>Begriff</span> <span class='ocrx_word' id='word_1_376' title='bbox 1514 2052 1620 2086; x_wconf 78' lang='lat' dir='ltr'>nicht</span> <span class='ocrx_word' id='word_1_377' title='bbox 1645 2050 1744 2086; x_wconf 67' lang='lat' dir='ltr'>blora</span> 
     </span>
     <span class='ocr_line' id='line_1_55' title="bbox 1002 2098 1634 2142; baseline 0.002 -10"><span class='ocrx_word' id='word_1_378' title='bbox 1002 2098 1118 2132; x_wconf 87' lang='lat' dir='ltr'>durch</span> <span class='ocrx_word' id='word_1_379' title='bbox 1145 2098 1215 2132; x_wconf 88' lang='lat' dir='ltr'>ein</span> <span class='ocrx_word' id='word_1_380' title='bbox 1242 2098 1349 2133; x_wconf 74' lang='lat' dir='ltr'>Wort</span> <span class='ocrx_word' id='word_1_381' title='bbox 1375 2098 1634 2142; x_wconf 74' lang='lat' dir='ltr'>ausgedrfickt.</span> 
     </span>
    </p>

    <p class='ocr_par' dir='ltr' id='par_1_21' title="bbox 1050 2144 1648 2186">
     <span class='ocr_line' id='line_1_56' title="bbox 1050 2144 1648 2186; baseline 0 -8"><span class='ocrx_word' id='word_1_382' title='bbox 1050 2148 1280 2186; x_wconf 79' lang='lat' dir='ltr'>moveantur,</span> <span class='ocrx_word' id='word_1_383' title='bbox 1305 2144 1464 2179; x_wconf 67' lang='lat' dir='ltr'>afficiet-t</span> <span class='ocrx_word' id='word_1_384' title='bbox 1489 2145 1648 2180; x_wconf 85' lang='lat' dir='ltr'>werden.</span> 
     </span>
    </p>

    <p class='ocr_par' dir='ltr' id='par_1_22' title="bbox 1003 2191 1770 2842">
     <span class='ocr_line' id='line_1_57' title="bbox 1051 2191 1747 2236; baseline 0 -10"><span class='ocrx_word' id='word_1_385' title='bbox 1051 2195 1105 2226; x_wconf 83' lang='lat'>47.</span> <span class='ocrx_word' id='word_1_386' title='bbox 1132 2202 1206 2226; x_wconf 74' lang='lat' dir='ltr'>non</span> <span class='ocrx_word' id='word_1_387' title='bbox 1231 2202 1391 2226; x_wconf 79' lang='lat' dir='ltr'>crescere.</span> <span class='ocrx_word' id='word_1_388' title='bbox 1438 2191 1472 2226; x_wconf 88' lang='lat' dir='ltr'>S.</span> <span class='ocrx_word' id='word_1_389' title='bbox 1488 2204 1515 2225; x_wconf 89' lang='lat' dir='ltr'>z.</span> <span class='ocrx_word' id='word_1_390' title='bbox 1531 2195 1620 2234; x_wconf 64' lang='lat'>§40-</span> <span class='ocrx_word' id='word_1_391' title='bbox 1660 2191 1747 2236; x_wconf 85' lang='lat' dir='ltr'>Epi-</span> 
     </span>
     <span class='ocr_line' id='line_1_58' title="bbox 1003 2238 1747 2282; baseline 0.004 -11"><span class='ocrx_word' id='word_1_392' title='bbox 1003 2239 1072 2272; x_wconf 87' lang='lat' dir='ltr'>kur</span> <span class='ocrx_word' id='word_1_393' title='bbox 1105 2238 1223 2272; x_wconf 77' lang='lat' dir='ltr'>lehrte</span> <span class='ocrx_word' id='word_1_394' title='bbox 1256 2238 1463 2282; x_wconf 77' lang='lat' dir='ltr'>einerseits,</span> <span class='ocrx_word' id='word_1_395' title='bbox 1502 2238 1560 2272; x_wconf 91' lang='lat' dir='ltr'>die</span> <span class='ocrx_word' id='word_1_396' title='bbox 1592 2238 1747 2274; x_wconf 66' lang='lat' dir='ltr'>hochste</span> 
     </span>
     <span class='ocr_line' id='line_1_59' title="bbox 1004 2284 1748 2320; baseline 0.001 -1"><span class='ocrx_word' id='word_1_397' title='bbox 1004 2285 1096 2319; x_wconf 77' lang='lat' dir='ltr'>Lust</span> <span class='ocrx_word' id='word_1_398' title='bbox 1119 2285 1299 2319; x_wconf 61' lang='lat' dir='ltr'>bestande</span> <span class='ocrx_word' id='word_1_399' title='bbox 1325 2284 1362 2319; x_wconf 89' lang='lat' dir='ltr'>in</span> <span class='ocrx_word' id='word_1_400' title='bbox 1389 2285 1454 2319; x_wconf 83' lang='lat' dir='ltr'>der</span> <span class='ocrx_word' id='word_1_401' title='bbox 1479 2284 1643 2320; x_wconf 80' lang='lat' dir='ltr'>Freiheit</span> <span class='ocrx_word' id='word_1_402' title='bbox 1673 2296 1748 2320; x_wconf 81' lang='lat' dir='ltr'>von</span> 
     </span>
     <span class='ocr_line' id='line_1_60' title="bbox 1004 2331 1747 2374; baseline 0 -8"><span class='ocrx_word' id='word_1_403' title='bbox 1004 2331 1133 2374; x_wconf 79' lang='lat' dir='ltr'>aliem,</span> <span class='ocrx_word' id='word_1_404' title='bbox 1166 2342 1241 2367; x_wconf 80' lang='lat' dir='ltr'>was</span> <span class='ocrx_word' id='word_1_405' title='bbox 1278 2332 1336 2366; x_wconf 88' lang='lat' dir='ltr'>die</span> <span class='ocrx_word' id='word_1_406' title='bbox 1363 2331 1468 2366; x_wconf 80' lang='lat' dir='ltr'>Ruhe</span> <span class='ocrx_word' id='word_1_407' title='bbox 1501 2332 1565 2366; x_wconf 81' lang='lat' dir='ltr'>des</span> <span class='ocrx_word' id='word_1_408' title='bbox 1592 2332 1747 2367; x_wconf 70' lang='lat' dir='ltr'>Gemiits</span> 
     </span>
     <span class='ocr_line' id='line_1_61' title="bbox 1005 2378 1770 2422; baseline 0.001 -10"><span class='ocrx_word' id='word_1_409' title='bbox 1005 2380 1129 2413; x_wconf 79' lang='lat' dir='ltr'>sto&#39;ren</span> <span class='ocrx_word' id='word_1_410' title='bbox 1143 2378 1264 2413; x_wconf 72' lang='lat' dir='ltr'>konne</span> <span class='ocrx_word' id='word_1_411' title='bbox 1279 2379 1367 2422; x_wconf 76' lang='lat' dir='ltr'>(non</span> <span class='ocrx_word' id='word_1_412' title='bbox 1387 2379 1528 2422; x_wconf 77' lang='lat' dir='ltr'>dolere),</span> <span class='ocrx_word' id='word_1_413' title='bbox 1548 2379 1625 2413; x_wconf 87' lang='lat' dir='ltr'>und</span> <span class='ocrx_word' id='word_1_414' title='bbox 1643 2378 1747 2413; x_wconf 85' lang='lat' dir='ltr'>diese</span> <span class='ocrx_word' id='word_1_415' title='bbox 1769 2394 1770 2400; x_wconf 52' lang='lat'>¹</span> 
     </span>
     <span class='ocr_line' id='line_1_62' title="bbox 1005 2425 1749 2460; baseline 0 -2"><span class='ocrx_word' id='word_1_416' title='bbox 1005 2425 1126 2459; x_wconf 74' lang='lat' dir='ltr'>konne</span> <span class='ocrx_word' id='word_1_417' title='bbox 1153 2425 1268 2459; x_wconf 88' lang='lat' dir='ltr'>durch</span> <span class='ocrx_word' id='word_1_418' title='bbox 1293 2425 1534 2459; x_wconf 77' lang='lat' dir='ltr'>Hinzutreten</span> <span class='ocrx_word' id='word_1_419' title='bbox 1560 2425 1749 2460; x_wconf 86' lang='lat' dir='ltr'>einzelner</span> 
     </span>
     <span class='ocr_line' id='line_1_63' title="bbox 1005 2472 1747 2517; baseline 0.001 -12"><span class='ocrx_word' id='word_1_420' title='bbox 1005 2472 1384 2516; x_wconf 79' lang='lat' dir='ltr'>Lustempfindungen</span> <span class='ocrx_word' id='word_1_421' title='bbox 1415 2483 1484 2505; x_wconf 90' lang='lat' dir='ltr'>nur</span> <span class='ocrx_word' id='word_1_422' title='bbox 1516 2472 1747 2517; x_wconf 80' lang='lat' dir='ltr'>vermannig-</span> 
     </span>
     <span class='ocr_line' id='line_1_64' title="bbox 1005 2518 1746 2563; baseline 0.003 -11"><span class='ocrx_word' id='word_1_423' title='bbox 1005 2518 1150 2563; x_wconf 60' lang='lat' dir='ltr'>salugia,</span> <span class='ocrx_word' id='word_1_424' title='bbox 1193 2518 1299 2553; x_wconf 75' lang='lat' dir='ltr'>nicht</span> <span class='ocrx_word' id='word_1_425' title='bbox 1341 2518 1545 2563; x_wconf 77' lang='lat' dir='ltr'>gesteigert</span> <span class='ocrx_word' id='word_1_426' title='bbox 1581 2519 1746 2562; x_wconf 74' lang='lat' dir='ltr'>werden3</span> 
     </span>
     <span class='ocr_line' id='line_1_65' title="bbox 1005 2564 1747 2600; baseline 0.001 -1"><span class='ocrx_word' id='word_1_427' title='bbox 1005 2565 1227 2599; x_wconf 80' lang='lat' dir='ltr'>andrerseits</span> <span class='ocrx_word' id='word_1_428' title='bbox 1253 2565 1413 2599; x_wconf 62' lang='lat' dir='ltr'>erklarte</span> <span class='ocrx_word' id='word_1_429' title='bbox 1433 2576 1472 2599; x_wconf 89' lang='lat' dir='ltr'>er</span> <span class='ocrx_word' id='word_1_430' title='bbox 1491 2564 1611 2600; x_wconf 82' lang='lat' dir='ltr'>seiner</span> <span class='ocrx_word' id='word_1_431' title='bbox 1630 2567 1747 2600; x_wconf 83' lang='lat' dir='ltr'>mate-</span> 
     </span>
     <span class='ocr_line' id='line_1_66' title="bbox 1005 2611 1748 2657; baseline 0.003 -12"><span class='ocrx_word' id='word_1_432' title='bbox 1005 2611 1251 2646; x_wconf 77' lang='lat' dir='ltr'>rialistischen</span> <span class='ocrx_word' id='word_1_433' title='bbox 1286 2612 1537 2656; x_wconf 81' lang='lat' dir='ltr'>Anschauung</span> <span class='ocrx_word' id='word_1_434' title='bbox 1580 2614 1748 2657; x_wconf 80' lang='lat' dir='ltr'>entspre-</span> 
     </span>
     <span class='ocr_line' id='line_1_67' title="bbox 1006 2658 1747 2703; baseline 0 -10"><span class='ocrx_word' id='word_1_435' title='bbox 1006 2658 1124 2693; x_wconf 86' lang='lat' dir='ltr'>chend</span> <span class='ocrx_word' id='word_1_436' title='bbox 1150 2658 1208 2693; x_wconf 86' lang='lat' dir='ltr'>die</span> <span class='ocrx_word' id='word_1_437' title='bbox 1228 2658 1462 2703; x_wconf 68' lang='lat' dir='ltr'>korperliche</span> <span class='ocrx_word' id='word_1_438' title='bbox 1483 2659 1576 2693; x_wconf 73' lang='lat' dir='ltr'>Lust</span> <span class='ocrx_word' id='word_1_439' title='bbox 1600 2659 1660 2693; x_wconf 77' lang='lat' dir='ltr'>fiir</span> <span class='ocrx_word' id='word_1_440' title='bbox 1685 2658 1747 2694; x_wconf 78' lang='lat' dir='ltr'>dio</span> 
     </span>
     <span class='ocr_line' id='line_1_68' title="bbox 1003 2705 1746 2750; baseline 0.001 -11"><span class='ocrx_word' id='word_1_441' title='bbox 1003 2705 1303 2749; x_wconf 74' lang='lat' dir='ltr'>urspriingliche,</span> <span class='ocrx_word' id='word_1_442' title='bbox 1324 2705 1419 2739; x_wconf 80' lang='lat' dir='ltr'>auch</span> <span class='ocrx_word' id='word_1_443' title='bbox 1435 2705 1541 2750; x_wconf 87' lang='lat' dir='ltr'>jeder</span> <span class='ocrx_word' id='word_1_444' title='bbox 1560 2705 1746 2750; x_wconf 78' lang='lat' dir='ltr'>geistigen</span> 
     </span>
     <span class='ocr_line' id='line_1_69' title="bbox 1003 2751 1744 2798; baseline 0.001 -12"><span class='ocrx_word' id='word_1_445' title='bbox 1003 2752 1145 2786; x_wconf 88' lang='lat' dir='ltr'>Freude</span> <span class='ocrx_word' id='word_1_446' title='bbox 1177 2764 1220 2786; x_wconf 88' lang='lat' dir='ltr'>zu</span> <span class='ocrx_word' id='word_1_447' title='bbox 1246 2752 1394 2787; x_wconf 86' lang='lat' dir='ltr'>Grunde</span> <span class='ocrx_word' id='word_1_448' title='bbox 1427 2752 1609 2796; x_wconf 86' lang='lat' dir='ltr'>liegende.</span> <span class='ocrx_word' id='word_1_449' title='bbox 1660 2751 1744 2798; x_wconf 87' lang='lat' dir='ltr'>Vgl.</span> 
     </span>
     <span class='ocr_line' id='line_1_70' title="bbox 1004 2798 1520 2842; baseline 0 -9"><span class='ocrx_word' id='word_1_450' title='bbox 1004 2799 1049 2833; x_wconf 88' lang='lat' dir='ltr'>de</span> <span class='ocrx_word' id='word_1_451' title='bbox 1075 2799 1134 2832; x_wconf 87' lang='lat' dir='ltr'>fin.</span> <span class='ocrx_word' id='word_1_452' title='bbox 1162 2798 1196 2831; x_wconf 91' lang='lat' dir='ltr'>II</span> <span class='ocrx_word' id='word_1_453' title='bbox 1222 2802 1260 2842; x_wconf 84' lang='lat'>5,</span> <span class='ocrx_word' id='word_1_454' title='bbox 1289 2803 1342 2833; x_wconf 84' lang='lat'>16.</span> <span class='ocrx_word' id='word_1_455' title='bbox 1397 2803 1435 2842; x_wconf 90' lang='lat'>7,</span> <span class='ocrx_word' id='word_1_456' title='bbox 1464 2802 1520 2834; x_wconf 81' lang='lat'>20.</span> 
     </span>
    </p>

    <p class='ocr_par' dir='ltr' id='par_1_23' title="bbox 1050 2845 1743 2880">
     <span class='ocr_line' id='line_1_71' title="bbox 1050 2845 1743 2880; baseline 0 0"><span class='ocrx_word' id='word_1_457' title='bbox 1050 2856 1173 2880; x_wconf 79' lang='lat' dir='ltr'>unum.</span> <span class='ocrx_word' id='word_1_458' title='bbox 1201 2846 1321 2880; x_wconf 87' lang='lat' dir='ltr'>Wenn</span> <span class='ocrx_word' id='word_1_459' title='bbox 1342 2845 1400 2880; x_wconf 82' lang='lat' dir='ltr'>die</span> <span class='ocrx_word' id='word_1_460' title='bbox 1415 2845 1506 2880; x_wconf 84' lang='lat' dir='ltr'>Zahl</span> <span class='ocrx_word' id='word_1_461' title='bbox 1519 2845 1584 2880; x_wconf 86' lang='lat' dir='ltr'>der</span> <span class='ocrx_word' id='word_1_462' title='bbox 1598 2845 1743 2880; x_wconf 79' lang='lat' dir='ltr'>Punkte</span> 
     </span>
    </p>
   </div>
   <div class='ocr_carea' id='block_1_5' title="bbox 1761 0 1790 3103">
    <p class='ocr_par' dir='ltr' id='par_1_24' title="bbox 1761 0 1790 3103">
     <span class='ocr_line' id='line_1_72' title="bbox 1761 0 1790 3103; baseline 0 0"><span class='ocrx_word' id='word_1_463' title='bbox 1761 0 1790 3103; x_wconf 95' lang='lat' dir='ltr'> </span> 
     </span>
    </p>
   </div>
  </div>
 </body>
</html>
