<?xml version="1.0" encoding="UTF-8"?>
<!DOCTYPE html PUBLIC "-//W3C//DTD XHTML 1.0 Transitional//EN"
    "http://www.w3.org/TR/xhtml1/DTD/xhtml1-transitional.dtd">
<html xmlns="http://www.w3.org/1999/xhtml" xml:lang="en" lang="en">
 <head>
  <title>
</title>
<meta http-equiv="Content-Type" content="text/html;charset=utf-8" />
  <meta name='ocr-system' content='tesseract 3.04.00' />
  <meta name='ocr-capabilities' content='ocr_page ocr_carea ocr_par ocr_line ocrx_word'/>
</head>
<body>
  <div class='ocr_page' id='page_1' title='image "./tusculanarumdisp01ciceuoft_0186.png"; bbox 0 0 1790 3103; ppageno 0'>
   <div class='ocr_carea' id='block_1_1' title="bbox 193 76 1219 120">
    <p class='ocr_par' dir='ltr' id='par_1_1' title="bbox 193 76 1219 120">
     <span class='ocr_line' id='line_1_1' title="bbox 193 76 1219 120; baseline -0.004 -6"><span class='ocrx_word' id='word_1_1' title='bbox 193 79 249 120; x_wconf 89' lang='grc'>46</span> <span class='ocrx_word' id='word_1_2' title='bbox 708 78 755 112; x_wconf 91' lang='grc' dir='ltr'>Μ.</span> <span class='ocrx_word' id='word_1_3' title='bbox 783 76 941 112; x_wconf 87' lang='lat' dir='ltr'>TULLII</span> <span class='ocrx_word' id='word_1_4' title='bbox 968 76 1219 113; x_wconf 88' lang='lat' dir='ltr'>CICERONIS</span> 
     </span>
    </p>
   </div>
   <div class='ocr_carea' id='block_1_2' title="bbox 132 187 1776 1591">
    <p class='ocr_par' dir='ltr' id='par_1_2' title="bbox 132 187 1776 1591">
     <span class='ocr_line' id='line_1_2' title="bbox 193 187 1736 239; baseline -0.001 -11"><span class='ocrx_word' id='word_1_5' title='bbox 193 189 380 228; x_wconf 87' lang='lat' dir='ltr'>honorata</span> <span class='ocrx_word' id='word_1_6' title='bbox 414 194 452 227; x_wconf 92' lang='lat' dir='ltr'>et</span> <span class='ocrx_word' id='word_1_7' title='bbox 482 188 646 239; x_wconf 84' lang='lat' dir='ltr'>ingloria</span> <span class='ocrx_word' id='word_1_8' title='bbox 677 188 754 227; x_wconf 90' lang='lat' dir='ltr'>dici</span> <span class='ocrx_word' id='word_1_9' title='bbox 786 187 952 238; x_wconf 74' lang='lat' dir='ltr'>soleant,</span> <span class='ocrx_word' id='word_1_10' title='bbox 985 187 1191 237; x_wconf 90' lang='lat' dir='ltr'>separatim</span> <span class='ocrx_word' id='word_1_11' title='bbox 1225 192 1355 225; x_wconf 85' lang='lat' dir='ltr'>certae</span> <span class='ocrx_word' id='word_1_12' title='bbox 1388 188 1540 227; x_wconf 88' lang='lat' dir='ltr'>scholae</span> <span class='ocrx_word' id='word_1_13' title='bbox 1574 194 1665 227; x_wconf 89' lang='lat' dir='ltr'>sunt</span> <span class='ocrx_word' id='word_1_14' title='bbox 1689 188 1736 227; x_wconf 91' lang='lat' dir='ltr'>de</span> 
     </span>
     <span class='ocr_line' id='line_1_3' title="bbox 194 244 1738 299; baseline 0 -13"><span class='ocrx_word' id='word_1_15' title='bbox 194 247 329 287; x_wconf 81' lang='lat' dir='ltr'>exsilio</span> <span class='ocrx_word' id='word_1_16' title='bbox 362 247 409 286; x_wconf 93' lang='lat' dir='ltr'>de</span> <span class='ocrx_word' id='word_1_17' title='bbox 441 248 602 286; x_wconf 88' lang='lat' dir='ltr'>interitu</span> <span class='ocrx_word' id='word_1_18' title='bbox 634 248 780 298; x_wconf 79' lang='lat' dir='ltr'><strong>patriae</strong></span> <span class='ocrx_word' id='word_1_19' title='bbox 814 246 861 284; x_wconf 88' lang='lat' dir='ltr'>de</span> <span class='ocrx_word' id='word_1_20' title='bbox 894 247 1098 296; x_wconf 87' lang='lat' dir='ltr'>servitute,</span> <span class='ocrx_word' id='word_1_21' title='bbox 1141 244 1187 283; x_wconf 89' lang='lat' dir='ltr'>de</span> <span class='ocrx_word' id='word_1_22' title='bbox 1227 244 1423 285; x_wconf 83' lang='lat' dir='ltr'>debilitate</span> <span class='ocrx_word' id='word_1_23' title='bbox 1462 246 1508 285; x_wconf 89' lang='lat' dir='ltr'>de</span> <span class='ocrx_word' id='word_1_24' title='bbox 1541 247 1738 299; x_wconf 88' lang='lat' dir='ltr'>caecitate,</span> 
     </span>
     <span class='ocr_line' id='line_1_4' title="bbox 193 302 1738 359; baseline -0.001 -14"><span class='ocrx_word' id='word_1_25' title='bbox 193 307 241 345; x_wconf 88' lang='lat' dir='ltr'>de</span> <span class='ocrx_word' id='word_1_26' title='bbox 273 308 378 345; x_wconf 92' lang='lat' dir='ltr'>omni</span> <span class='ocrx_word' id='word_1_27' title='bbox 410 318 515 359; x_wconf 90' lang='lat' dir='ltr'>casu,</span> <span class='ocrx_word' id='word_1_28' title='bbox 545 307 585 344; x_wconf 91' lang='lat' dir='ltr'>in</span> <span class='ocrx_word' id='word_1_29' title='bbox 618 318 694 357; x_wconf 89' lang='lat' dir='ltr'>quo</span> <span class='ocrx_word' id='word_1_30' title='bbox 727 317 867 344; x_wconf 90' lang='lat' dir='ltr'>nomen</span> <span class='ocrx_word' id='word_1_31' title='bbox 905 305 997 355; x_wconf 91' lang='lat' dir='ltr'>poni</span> <span class='ocrx_word' id='word_1_32' title='bbox 1036 303 1134 342; x_wconf 89' lang='lat' dir='ltr'>solet</span> <span class='ocrx_word' id='word_1_33' title='bbox 1166 302 1401 343; x_wconf 81' lang='lat' dir='ltr'>calamitatis.</span> <span class='ocrx_word' id='word_1_34' title='bbox 1463 305 1567 344; x_wconf 90' lang='lat' dir='ltr'>Haec</span> <span class='ocrx_word' id='word_1_35' title='bbox 1599 305 1738 345; x_wconf 87' lang='lat' dir='ltr'>Graeci</span> 
     </span>
     <span class='ocr_line' id='line_1_5' title="bbox 193 361 1738 417; baseline -0.001 -13"><span class='ocrx_word' id='word_1_36' title='bbox 193 367 231 404; x_wconf 94' lang='lat' dir='ltr'>in</span> <span class='ocrx_word' id='word_1_37' title='bbox 272 365 442 417; x_wconf 86' lang='lat' dir='ltr'>singulas</span> <span class='ocrx_word' id='word_1_38' title='bbox 481 364 631 404; x_wconf 88' lang='lat' dir='ltr'>scholas</span> <span class='ocrx_word' id='word_1_39' title='bbox 670 370 708 403; x_wconf 91' lang='lat' dir='ltr'>et</span> <span class='ocrx_word' id='word_1_40' title='bbox 744 365 784 402; x_wconf 93' lang='lat' dir='ltr'>in</span> <span class='ocrx_word' id='word_1_41' title='bbox 823 361 997 413; x_wconf 87' lang='lat' dir='ltr'>singulos</span> <span class='ocrx_word' id='word_1_42' title='bbox 1035 361 1156 400; x_wconf 90' lang='lat' dir='ltr'>libros</span> <span class='ocrx_word' id='word_1_43' title='bbox 1194 361 1448 415; x_wconf 70' lang='lat' dir='ltr'>dispertiunt,</span> <span class='ocrx_word' id='word_1_44' title='bbox 1492 376 1590 416; x_wconf 88' lang='lat' dir='ltr'>opus</span> <span class='ocrx_word' id='word_1_45' title='bbox 1633 365 1738 402; x_wconf 91' lang='lat' dir='ltr'>enim</span> 
     </span>
     <span class='ocr_line' id='line_1_6' title="bbox 134 420 1740 476; baseline -0.002 -12"><span class='ocrx_word' id='word_1_46' title='bbox 134 434 177 465; x_wconf 79' lang='lat'>82</span> <span class='ocrx_word' id='word_1_47' title='bbox 194 430 404 476; x_wconf 80' lang='lat' dir='ltr'>quaerunt3</span> <span class='ocrx_word' id='word_1_48' title='bbox 449 436 682 475; x_wconf 88' lang='lat' dir='ltr'>quamquam</span> <span class='ocrx_word' id='word_1_49' title='bbox 720 422 855 474; x_wconf 83' lang='lat' dir='ltr'>plenae</span> <span class='ocrx_word' id='word_1_50' title='bbox 901 420 1183 471; x_wconf 79' lang='lat' dir='ltr'>disputationes</span> <span class='ocrx_word' id='word_1_51' title='bbox 1222 420 1490 461; x_wconf 87' lang='lat' dir='ltr'>delectationis</span> <span class='ocrx_word' id='word_1_52' title='bbox 1527 429 1629 462; x_wconf 87' lang='lat' dir='ltr'>sunt.</span> <span class='ocrx_word' id='word_1_53' title='bbox 1689 421 1740 461; x_wconf 86' lang='lat' dir='ltr'>Et</span> 
     </span>
     <span class='ocr_line' id='line_1_7' title="bbox 193 479 1738 533; baseline -0.002 -11"><span class='ocrx_word' id='word_1_54' title='bbox 193 489 322 522; x_wconf 90' lang='lat' dir='ltr'>tamen</span> <span class='ocrx_word' id='word_1_55' title='bbox 365 488 406 522; x_wconf 88' lang='lat' dir='ltr'>ut</span> <span class='ocrx_word' id='word_1_56' title='bbox 446 482 586 522; x_wconf 88' lang='lat' dir='ltr'>medici</span> <span class='ocrx_word' id='word_1_57' title='bbox 626 487 706 520; x_wconf 89' lang='lat' dir='ltr'>toto</span> <span class='ocrx_word' id='word_1_58' title='bbox 746 492 911 531; x_wconf 91' lang='lat' dir='ltr'>corpore</span> <span class='ocrx_word' id='word_1_59' title='bbox 953 479 1124 518; x_wconf 90' lang='lat' dir='ltr'>curando</span> <span class='ocrx_word' id='word_1_60' title='bbox 1166 481 1346 518; x_wconf 87' lang='lat' dir='ltr'>minimae</span> <span class='ocrx_word' id='word_1_61' title='bbox 1389 482 1503 520; x_wconf 87' lang='lat' dir='ltr'>etiam</span> <span class='ocrx_word' id='word_1_62' title='bbox 1543 482 1662 533; x_wconf 88' lang='lat' dir='ltr'>parti,</span> <span class='ocrx_word' id='word_1_63' title='bbox 1705 481 1738 519; x_wconf 89' lang='lat' dir='ltr'>si</span> 
     </span>
     <span class='ocr_line' id='line_1_8' title="bbox 193 538 1736 593; baseline -0.002 -12"><span class='ocrx_word' id='word_1_64' title='bbox 193 542 409 593; x_wconf 86' lang='lat' dir='ltr'>condoluit,</span> <span class='ocrx_word' id='word_1_65' title='bbox 447 541 670 592; x_wconf 88' lang='lat' dir='ltr'>medentur,</span> <span class='ocrx_word' id='word_1_66' title='bbox 710 541 765 578; x_wconf 86' lang='lat' dir='ltr'>sic</span> <span class='ocrx_word' id='word_1_67' title='bbox 802 538 1044 590; x_wconf 86' lang='lat' dir='ltr'>philosophia</span> <span class='ocrx_word' id='word_1_68' title='bbox 1077 550 1166 577; x_wconf 91' lang='lat' dir='ltr'>cum</span> <span class='ocrx_word' id='word_1_69' title='bbox 1199 540 1419 578; x_wconf 87' lang='lat' dir='ltr'>universam</span> <span class='ocrx_word' id='word_1_70' title='bbox 1451 539 1736 591; x_wconf 78' lang='lat' dir='ltr'>aegritudinem</span> 
     </span>
     <span class='ocr_line' id='line_1_9' title="bbox 193 597 1737 652; baseline -0.002 -13"><span class='ocrx_word' id='word_1_71' title='bbox 193 601 361 652; x_wconf 82' lang='lat' dir='ltr'>sustulit,</span> <span class='ocrx_word' id='word_1_72' title='bbox 392 602 550 639; x_wconf 73' lang='lat' dir='ltr'>sustulit</span> <span class='ocrx_word' id='word_1_73' title='bbox 582 600 709 651; x_wconf 89' lang='lat' dir='ltr'>etiam,</span> <span class='ocrx_word' id='word_1_74' title='bbox 742 599 773 636; x_wconf 87' lang='lat' dir='ltr'>si</span> <span class='ocrx_word' id='word_1_75' title='bbox 807 599 894 648; x_wconf 86' lang='lat' dir='ltr'>quis</span> <span class='ocrx_word' id='word_1_76' title='bbox 926 609 1037 635; x_wconf 91' lang='lat' dir='ltr'>error</span> <span class='ocrx_word' id='word_1_77' title='bbox 1071 597 1248 636; x_wconf 86' lang='lat' dir='ltr'>alicunde</span> <span class='ocrx_word' id='word_1_78' title='bbox 1279 599 1437 650; x_wconf 85' lang='lat' dir='ltr'>exstitit,</span> <span class='ocrx_word' id='word_1_79' title='bbox 1470 601 1502 637; x_wconf 87' lang='lat' dir='ltr'>si</span> <span class='ocrx_word' id='word_1_80' title='bbox 1528 603 1737 650; x_wconf 85' lang='lat' dir='ltr'>paupertas</span> 
     </span>
     <span class='ocr_line' id='line_1_10' title="bbox 192 655 1776 710; baseline -0.003 -11"><span class='ocrx_word' id='word_1_81' title='bbox 192 659 412 710; x_wconf 81' lang='lat' dir='ltr'>momordit,</span> <span class='ocrx_word' id='word_1_82' title='bbox 445 660 478 697; x_wconf 89' lang='lat' dir='ltr'>si</span> <span class='ocrx_word' id='word_1_83' title='bbox 508 659 718 708; x_wconf 82' lang='lat' dir='ltr'>ignominia</span> <span class='ocrx_word' id='word_1_84' title='bbox 750 657 932 708; x_wconf 84' lang='lat' dir='ltr'>pupugit,</span> <span class='ocrx_word' id='word_1_85' title='bbox 974 657 1005 693; x_wconf 89' lang='lat' dir='ltr'>si</span> <span class='ocrx_word' id='word_1_86' title='bbox 1039 656 1131 706; x_wconf 87' lang='lat' dir='ltr'>quid</span> <span class='ocrx_word' id='word_1_87' title='bbox 1164 655 1415 695; x_wconf 88' lang='lat' dir='ltr'>tenebrarum</span> <span class='ocrx_word' id='word_1_88' title='bbox 1455 656 1606 696; x_wconf 86' lang='lat' dir='ltr'>obfudit</span> <span class='ocrx_word' id='word_1_89' title='bbox 1638 658 1736 695; x_wconf 83' lang='lat' dir='ltr'>exsi-</span> <span class='ocrx_word' id='word_1_90' title='bbox 1775 684 1776 687; x_wconf 20' lang='grc' dir='ltr'>η</span> 
     </span>
     <span class='ocr_line' id='line_1_11' title="bbox 191 714 1776 768; baseline -0.001 -12"><span class='ocrx_word' id='word_1_91' title='bbox 191 718 285 757; x_wconf 90' lang='lat' dir='ltr'>lium</span> <span class='ocrx_word' id='word_1_92' title='bbox 318 723 383 756; x_wconf 89' lang='lat' dir='ltr'>aut</span> <span class='ocrx_word' id='word_1_93' title='bbox 415 729 562 768; x_wconf 90' lang='lat' dir='ltr'>eorum,</span> <span class='ocrx_word' id='word_1_94' title='bbox 595 728 692 767; x_wconf 87' lang='lat' dir='ltr'>quae</span> <span class='ocrx_word' id='word_1_95' title='bbox 725 715 838 754; x_wconf 89' lang='lat' dir='ltr'>modo</span> <span class='ocrx_word' id='word_1_96' title='bbox 872 715 961 766; x_wconf 83' lang='lat' dir='ltr'>dixi,</span> <span class='ocrx_word' id='word_1_97' title='bbox 994 716 1025 753; x_wconf 87' lang='lat' dir='ltr'>si</span> <span class='ocrx_word' id='word_1_98' title='bbox 1058 714 1151 765; x_wconf 93' lang='lat' dir='ltr'>quid</span> <span class='ocrx_word' id='word_1_99' title='bbox 1184 716 1350 766; x_wconf 76' lang='lat' dir='ltr'>exstitit,</span> <span class='ocrx_word' id='word_1_100' title='bbox 1389 717 1462 754; x_wconf 90' lang='lat' dir='ltr'>etsi</span> <span class='ocrx_word' id='word_1_101' title='bbox 1494 715 1735 767; x_wconf 87' lang='lat' dir='ltr'>singularum</span> <span class='ocrx_word' id='word_1_102' title='bbox 1775 730 1776 738; x_wconf 57' lang='lat'>¹</span> 
     </span>
     <span class='ocr_line' id='line_1_12' title="bbox 192 773 1736 826; baseline -0.002 -11"><span class='ocrx_word' id='word_1_103' title='bbox 192 788 324 815; x_wconf 90' lang='lat' dir='ltr'>rerum</span> <span class='ocrx_word' id='word_1_104' title='bbox 363 781 454 816; x_wconf 87' lang='lat' dir='ltr'>sunt</span> <span class='ocrx_word' id='word_1_105' title='bbox 490 777 670 826; x_wconf 89' lang='lat' dir='ltr'>propriae</span> <span class='ocrx_word' id='word_1_106' title='bbox 710 773 1012 825; x_wconf 83' lang='lat' dir='ltr'>consolationes,</span> <span class='ocrx_word' id='word_1_107' title='bbox 1057 773 1103 812; x_wconf 93' lang='grc'>(16</span> <span class='ocrx_word' id='word_1_108' title='bbox 1143 773 1284 824; x_wconf 90' lang='lat' dir='ltr'>quibus</span> <span class='ocrx_word' id='word_1_109' title='bbox 1322 774 1454 813; x_wconf 86' lang='lat' dir='ltr'>audies</span> <span class='ocrx_word' id='word_1_110' title='bbox 1493 780 1534 813; x_wconf 82' lang='lat' dir='ltr'>tu</span> <span class='ocrx_word' id='word_1_111' title='bbox 1568 773 1736 826; x_wconf 90' lang='lat' dir='ltr'>quidem,</span> 
     </span>
     <span class='ocr_line' id='line_1_13' title="bbox 192 832 1734 885; baseline -0.003 -11"><span class='ocrx_word' id='word_1_112' title='bbox 192 847 280 874; x_wconf 89' lang='lat' dir='ltr'>cum</span> <span class='ocrx_word' id='word_1_113' title='bbox 313 834 429 874; x_wconf 84' lang='lat' dir='ltr'>voles.</span> <span class='ocrx_word' id='word_1_114' title='bbox 493 834 568 872; x_wconf 88' lang='lat' dir='ltr'>Sed</span> <span class='ocrx_word' id='word_1_115' title='bbox 602 834 647 872; x_wconf 90' lang='lat' dir='ltr'>ad</span> <span class='ocrx_word' id='word_1_116' title='bbox 675 833 841 873; x_wconf 89' lang='lat' dir='ltr'>eundem</span> <span class='ocrx_word' id='word_1_117' title='bbox 874 833 1021 871; x_wconf 80' lang='lat' dir='ltr'>sontem</span> <span class='ocrx_word' id='word_1_118' title='bbox 1047 832 1322 871; x_wconf 84' lang='lat' dir='ltr'>revertendum</span> <span class='ocrx_word' id='word_1_119' title='bbox 1349 839 1418 884; x_wconf 91' lang='lat' dir='ltr'>est,</span> <span class='ocrx_word' id='word_1_120' title='bbox 1451 833 1734 885; x_wconf 81' lang='lat' dir='ltr'>aegritudinem</span> 
     </span>
     <span class='ocr_line' id='line_1_14' title="bbox 191 891 1776 945; baseline -0.002 -13"><span class='ocrx_word' id='word_1_121' title='bbox 191 906 345 932; x_wconf 90' lang='lat' dir='ltr'>omnem</span> <span class='ocrx_word' id='word_1_122' title='bbox 383 893 521 945; x_wconf 90' lang='lat' dir='ltr'>procul</span> <span class='ocrx_word' id='word_1_123' title='bbox 559 892 694 931; x_wconf 86' lang='lat' dir='ltr'>abesse</span> <span class='ocrx_word' id='word_1_124' title='bbox 733 905 753 930; x_wconf 90' lang='lat' dir='ltr'>a</span> <span class='ocrx_word' id='word_1_125' title='bbox 792 893 983 943; x_wconf 84' lang='lat' dir='ltr'>sapiente,</span> <span class='ocrx_word' id='word_1_126' title='bbox 1028 891 1130 942; x_wconf 88' lang='lat' dir='ltr'>quod</span> <span class='ocrx_word' id='word_1_127' title='bbox 1170 892 1295 930; x_wconf 90' lang='lat' dir='ltr'>inanis</span> <span class='ocrx_word' id='word_1_128' title='bbox 1335 893 1399 943; x_wconf 91' lang='lat' dir='ltr'>sit,</span> <span class='ocrx_word' id='word_1_129' title='bbox 1445 892 1547 943; x_wconf 90' lang='lat' dir='ltr'>quod</span> <span class='ocrx_word' id='word_1_130' title='bbox 1590 892 1737 931; x_wconf 83' lang='lat' dir='ltr'>frustra</span> <span class='ocrx_word' id='word_1_131' title='bbox 1774 934 1776 940; x_wconf 23' lang='lat' dir='ltr'>y</span> 
     </span>
     <span class='ocr_line' id='line_1_15' title="bbox 191 950 1775 1004; baseline -0.002 -12"><span class='ocrx_word' id='word_1_132' title='bbox 191 954 440 1004; x_wconf 82' lang='lat' dir='ltr'>suscipiatur,</span> <span class='ocrx_word' id='word_1_133' title='bbox 472 951 575 1002; x_wconf 91' lang='lat' dir='ltr'>quod</span> <span class='ocrx_word' id='word_1_134' title='bbox 609 963 685 991; x_wconf 91' lang='lat' dir='ltr'>non</span> <span class='ocrx_word' id='word_1_135' title='bbox 719 956 856 989; x_wconf 90' lang='lat' dir='ltr'>natura</span> <span class='ocrx_word' id='word_1_136' title='bbox 889 951 1104 1002; x_wconf 87' lang='lat' dir='ltr'>exoriatur,</span> <span class='ocrx_word' id='word_1_137' title='bbox 1144 950 1212 988; x_wconf 87' lang='lat' dir='ltr'>sed</span> <span class='ocrx_word' id='word_1_138' title='bbox 1244 950 1404 1002; x_wconf 87' lang='lat' dir='ltr'>iudicio,</span> <span class='ocrx_word' id='word_1_139' title='bbox 1443 951 1510 989; x_wconf 86' lang='lat' dir='ltr'>sed</span> <span class='ocrx_word' id='word_1_140' title='bbox 1542 951 1736 1003; x_wconf 86' lang='lat' dir='ltr'>opinione,</span> <span class='ocrx_word' id='word_1_141' title='bbox 1774 975 1775 979; x_wconf 60' lang='lat'><em>=</em></span> 
     </span>
     <span class='ocr_line' id='line_1_16' title="bbox 192 1008 1739 1062; baseline -0.002 -12"><span class='ocrx_word' id='word_1_142' title='bbox 192 1012 259 1050; x_wconf 90' lang='lat' dir='ltr'>sed</span> <span class='ocrx_word' id='word_1_143' title='bbox 299 1011 463 1062; x_wconf 88' lang='lat' dir='ltr'>quadam</span> <span class='ocrx_word' id='word_1_144' title='bbox 502 1011 728 1048; x_wconf 88' lang='lat' dir='ltr'>invitatione</span> <span class='ocrx_word' id='word_1_145' title='bbox 775 1008 821 1047; x_wconf 91' lang='lat' dir='ltr'>ad</span> <span class='ocrx_word' id='word_1_146' title='bbox 865 1008 1092 1060; x_wconf 87' lang='lat' dir='ltr'>dolendum,</span> <span class='ocrx_word' id='word_1_147' title='bbox 1137 1020 1225 1047; x_wconf 88' lang='lat' dir='ltr'>cum</span> <span class='ocrx_word' id='word_1_148' title='bbox 1270 1008 1308 1046; x_wconf 92' lang='lat' dir='ltr'>id</span> <span class='ocrx_word' id='word_1_149' title='bbox 1353 1008 1642 1048; x_wconf 89' lang='lat' dir='ltr'>decreverimus</span> <span class='ocrx_word' id='word_1_150' title='bbox 1685 1010 1739 1047; x_wconf 90' lang='lat' dir='ltr'>ita</span> 
     </span>
     <span class='ocr_line' id='line_1_17' title="bbox 132 1067 1738 1120; baseline -0.002 -12"><span class='ocrx_word' id='word_1_151' title='bbox 132 1081 175 1112; x_wconf 85' lang='lat'>83</span> <span class='ocrx_word' id='word_1_152' title='bbox 192 1071 276 1108; x_wconf 84' lang='lat' dir='ltr'>fieri</span> <span class='ocrx_word' id='word_1_153' title='bbox 308 1075 502 1120; x_wconf 91' lang='lat' dir='ltr'>oportere.</span> <span class='ocrx_word' id='word_1_154' title='bbox 564 1068 646 1107; x_wconf 92' lang='lat' dir='ltr'>Hoc</span> <span class='ocrx_word' id='word_1_155' title='bbox 679 1067 871 1119; x_wconf 89' lang='lat' dir='ltr'>detracto,</span> <span class='ocrx_word' id='word_1_156' title='bbox 911 1067 1012 1118; x_wconf 91' lang='lat' dir='ltr'>quod</span> <span class='ocrx_word' id='word_1_157' title='bbox 1052 1072 1177 1106; x_wconf 92' lang='lat' dir='ltr'>totum</span> <span class='ocrx_word' id='word_1_158' title='bbox 1210 1072 1270 1105; x_wconf 89' lang='lat' dir='ltr'>est</span> <span class='ocrx_word' id='word_1_159' title='bbox 1300 1067 1579 1120; x_wconf 85' lang='lat' dir='ltr'>voluntarium,</span> <span class='ocrx_word' id='word_1_160' title='bbox 1617 1068 1738 1119; x_wconf 88' lang='lat' dir='ltr'>aegri-</span> 
     </span>
     <span class='ocr_line' id='line_1_18' title="bbox 191 1125 1738 1178; baseline -0.002 -11"><span class='ocrx_word' id='word_1_161' title='bbox 191 1128 284 1168; x_wconf 90' lang='lat' dir='ltr'>tudo</span> <span class='ocrx_word' id='word_1_162' title='bbox 324 1129 399 1167; x_wconf 90' lang='lat' dir='ltr'>erit</span> <span class='ocrx_word' id='word_1_163' title='bbox 437 1127 587 1166; x_wconf 89' lang='lat' dir='ltr'>sublata</span> <span class='ocrx_word' id='word_1_164' title='bbox 624 1127 687 1166; x_wconf 89' lang='lat' dir='ltr'>illa</span> <span class='ocrx_word' id='word_1_165' title='bbox 725 1138 921 1178; x_wconf 82' lang='lat' dir='ltr'>maerenS,</span> <span class='ocrx_word' id='word_1_166' title='bbox 965 1138 1120 1165; x_wconf 87' lang='lat' dir='ltr'>morsus</span> <span class='ocrx_word' id='word_1_167' title='bbox 1162 1132 1289 1165; x_wconf 87' lang='lat' dir='ltr'>tamen</span> <span class='ocrx_word' id='word_1_168' title='bbox 1329 1131 1366 1165; x_wconf 88' lang='lat' dir='ltr'>et</span> <span class='ocrx_word' id='word_1_169' title='bbox 1404 1125 1738 1166; x_wconf 86' lang='lat' dir='ltr'>contractiuncula</span> 
     </span>
     <span class='ocr_line' id='line_1_19' title="bbox 191 1184 1776 1239; baseline -0.002 -13"><span class='ocrx_word' id='word_1_170' title='bbox 191 1187 378 1239; x_wconf 83' lang='lat' dir='ltr'>quaedam</span> <span class='ocrx_word' id='word_1_171' title='bbox 419 1188 537 1225; x_wconf 91' lang='lat' dir='ltr'>animi</span> <span class='ocrx_word' id='word_1_172' title='bbox 577 1186 861 1236; x_wconf 88' lang='lat' dir='ltr'>relinquentur.</span> <span class='ocrx_word' id='word_1_173' title='bbox 924 1184 1031 1224; x_wconf 91' lang='lat' dir='ltr'>Hanc</span> <span class='ocrx_word' id='word_1_174' title='bbox 1070 1184 1200 1224; x_wconf 89' lang='lat' dir='ltr'>dicant</span> <span class='ocrx_word' id='word_1_175' title='bbox 1238 1196 1330 1224; x_wconf 89' lang='lat' dir='ltr'>sane</span> <span class='ocrx_word' id='word_1_176' title='bbox 1368 1186 1603 1238; x_wconf 82' lang='lat' dir='ltr'>naturalem,</span> <span class='ocrx_word' id='word_1_177' title='bbox 1646 1185 1738 1224; x_wconf 91' lang='lat' dir='ltr'>dum</span> <span class='ocrx_word' id='word_1_178' title='bbox 1774 1191 1776 1193; x_wconf 82' lang='lat'>&#39;</span> 
     </span>
     <span class='ocr_line' id='line_1_20' title="bbox 190 1244 1737 1298; baseline -0.002 -13"><span class='ocrx_word' id='word_1_179' title='bbox 190 1245 444 1298; x_wconf 82' lang='lat' dir='ltr'>aegritudinis</span> <span class='ocrx_word' id='word_1_180' title='bbox 478 1257 619 1284; x_wconf 90' lang='lat' dir='ltr'>nomen</span> <span class='ocrx_word' id='word_1_181' title='bbox 653 1245 752 1283; x_wconf 87' lang='lat' dir='ltr'>absit</span> <span class='ocrx_word' id='word_1_182' title='bbox 783 1256 915 1296; x_wconf 87' lang='lat' dir='ltr'>grave,</span> <span class='ocrx_word' id='word_1_183' title='bbox 948 1249 1136 1297; x_wconf 88' lang='lat' dir='ltr'>taetrum,</span> <span class='ocrx_word' id='word_1_184' title='bbox 1169 1244 1384 1297; x_wconf 72' lang='lat' dir='ltr'>funestum,</span> <span class='ocrx_word' id='word_1_185' title='bbox 1425 1244 1526 1295; x_wconf 91' lang='lat' dir='ltr'>quod</span> <span class='ocrx_word' id='word_1_186' title='bbox 1560 1256 1648 1284; x_wconf 92' lang='lat' dir='ltr'>cum</span> <span class='ocrx_word' id='word_1_187' title='bbox 1681 1255 1737 1282; x_wconf 88' lang='lat' dir='ltr'>sa-</span> 
     </span>
     <span class='ocr_line' id='line_1_21' title="bbox 190 1298 1739 1356; baseline -0.002 -13"><span class='ocrx_word' id='word_1_188' title='bbox 190 1306 336 1356; x_wconf 89' lang='lat' dir='ltr'>pientia</span> <span class='ocrx_word' id='word_1_189' title='bbox 371 1317 456 1343; x_wconf 88' lang='lat' dir='ltr'>esse</span> <span class='ocrx_word' id='word_1_190' title='bbox 489 1310 622 1356; x_wconf 87' lang='lat' dir='ltr'>atque,</span> <span class='ocrx_word' id='word_1_191' title='bbox 661 1310 703 1342; x_wconf 90' lang='lat' dir='ltr'>ut</span> <span class='ocrx_word' id='word_1_192' title='bbox 734 1304 786 1342; x_wconf 83' lang='lat' dir='ltr'>ita</span> <span class='ocrx_word' id='word_1_193' title='bbox 820 1303 963 1354; x_wconf 88' lang='lat' dir='ltr'>dicam,</span> <span class='ocrx_word' id='word_1_194' title='bbox 1003 1298 1177 1342; x_wconf 72' lang='lat' dir='ltr'>habitare</span> <span class='ocrx_word' id='word_1_195' title='bbox 1212 1302 1317 1342; x_wconf 89' lang='lat' dir='ltr'>nullo</span> <span class='ocrx_word' id='word_1_196' title='bbox 1349 1303 1463 1342; x_wconf 91' lang='lat' dir='ltr'>modo</span> <span class='ocrx_word' id='word_1_197' title='bbox 1495 1305 1628 1355; x_wconf 90' lang='lat' dir='ltr'>possit.</span> <span class='ocrx_word' id='word_1_198' title='bbox 1691 1301 1739 1341; x_wconf 79' lang='lat' dir='ltr'>At</span> 
     </span>
     <span class='ocr_line' id='line_1_22' title="bbox 191 1361 1738 1415; baseline -0.002 -13"><span class='ocrx_word' id='word_1_199' title='bbox 191 1376 290 1415; x_wconf 91' lang='lat' dir='ltr'>quae</span> <span class='ocrx_word' id='word_1_200' title='bbox 323 1365 466 1415; x_wconf 88' lang='lat' dir='ltr'>stirpes</span> <span class='ocrx_word' id='word_1_201' title='bbox 499 1368 590 1402; x_wconf 90' lang='lat' dir='ltr'>sunt</span> <span class='ocrx_word' id='word_1_202' title='bbox 622 1361 894 1414; x_wconf 81' lang='lat' dir='ltr'>aegritudiniS,</span> <span class='ocrx_word' id='word_1_203' title='bbox 934 1374 1048 1413; x_wconf 89' lang='lat' dir='ltr'>quam</span> <span class='ocrx_word' id='word_1_204' title='bbox 1081 1361 1241 1414; x_wconf 86' lang='lat' dir='ltr'>multae,</span> <span class='ocrx_word' id='word_1_205' title='bbox 1282 1374 1395 1413; x_wconf 89' lang='lat' dir='ltr'>quam</span> <span class='ocrx_word' id='word_1_206' title='bbox 1429 1361 1597 1401; x_wconf 87' lang='lat' dir='ltr'>amarae!</span> <span class='ocrx_word' id='word_1_207' title='bbox 1639 1373 1738 1413; x_wconf 87' lang='lat' dir='ltr'>quae</span> 
     </span>
     <span class='ocr_line' id='line_1_23' title="bbox 190 1421 1737 1475; baseline -0.003 -13"><span class='ocrx_word' id='word_1_208' title='bbox 190 1425 273 1475; x_wconf 90' lang='lat' dir='ltr'>ipso</span> <span class='ocrx_word' id='word_1_209' title='bbox 307 1428 448 1462; x_wconf 90' lang='lat' dir='ltr'>trunco</span> <span class='ocrx_word' id='word_1_210' title='bbox 482 1434 616 1460; x_wconf 87' lang='lat' dir='ltr'>everso</span> <span class='ocrx_word' id='word_1_211' title='bbox 650 1433 785 1460; x_wconf 88' lang='lat' dir='ltr'>omnes</span> <span class='ocrx_word' id='word_1_212' title='bbox 819 1421 1016 1472; x_wconf 87' lang='lat' dir='ltr'>eligendae</span> <span class='ocrx_word' id='word_1_213' title='bbox 1051 1426 1141 1459; x_wconf 87' lang='lat' dir='ltr'>sunt</span> <span class='ocrx_word' id='word_1_214' title='bbox 1173 1427 1230 1473; x_wconf 91' lang='lat' dir='ltr'>et,</span> <span class='ocrx_word' id='word_1_215' title='bbox 1268 1422 1300 1459; x_wconf 89' lang='lat' dir='ltr'>si</span> <span class='ocrx_word' id='word_1_216' title='bbox 1338 1433 1499 1460; x_wconf 85' lang='lat' dir='ltr'>necesse</span> <span class='ocrx_word' id='word_1_217' title='bbox 1532 1423 1623 1473; x_wconf 85' lang='lat' dir='ltr'>erit,</span> <span class='ocrx_word' id='word_1_218' title='bbox 1662 1422 1737 1459; x_wconf 90' lang='lat' dir='ltr'>sin·</span> 
     </span>
     <span class='ocr_line' id='line_1_24' title="bbox 189 1479 1739 1533; baseline -0.001 -13"><span class='ocrx_word' id='word_1_219' title='bbox 189 1481 289 1533; x_wconf 87' lang='lat' dir='ltr'>gulis</span> <span class='ocrx_word' id='word_1_220' title='bbox 331 1480 672 1532; x_wconf 88' lang='lat' dir='ltr'>disputationibus.</span> <span class='ocrx_word' id='word_1_221' title='bbox 736 1479 925 1531; x_wconf 88' lang='lat' dir='ltr'>Superest</span> <span class='ocrx_word' id='word_1_222' title='bbox 967 1481 1069 1518; x_wconf 90' lang='lat' dir='ltr'>enim</span> <span class='ocrx_word' id='word_1_223' title='bbox 1108 1479 1219 1518; x_wconf 88' lang='lat' dir='ltr'>nohis</span> <span class='ocrx_word' id='word_1_224' title='bbox 1257 1480 1348 1532; x_wconf 93' lang='lat' dir='ltr'>hoc,</span> <span class='ocrx_word' id='word_1_225' title='bbox 1394 1480 1629 1519; x_wconf 90' lang='lat' dir='ltr'>cuicuimodi</span> <span class='ocrx_word' id='word_1_226' title='bbox 1667 1485 1739 1532; x_wconf 84' lang='lat' dir='ltr'>est,</span> 
     </span>
     <span class='ocr_line' id='line_1_25' title="bbox 190 1538 1745 1591; baseline -0.002 -12"><span class='ocrx_word' id='word_1_227' title='bbox 190 1542 322 1579; x_wconf 91' lang='lat' dir='ltr'>otium.</span> <span class='ocrx_word' id='word_1_228' title='bbox 387 1540 462 1578; x_wconf 90' lang='lat' dir='ltr'>Sed</span> <span class='ocrx_word' id='word_1_229' title='bbox 502 1541 599 1578; x_wconf 88' lang='lat' dir='ltr'>ratio</span> <span class='ocrx_word' id='word_1_230' title='bbox 638 1551 714 1578; x_wconf 90' lang='lat' dir='ltr'>una</span> <span class='ocrx_word' id='word_1_231' title='bbox 753 1540 926 1577; x_wconf 89' lang='lat' dir='ltr'>omnium</span> <span class='ocrx_word' id='word_1_232' title='bbox 971 1545 1030 1577; x_wconf 90' lang='lat' dir='ltr'>est</span> <span class='ocrx_word' id='word_1_233' title='bbox 1069 1538 1374 1590; x_wconf 85' lang='lat' dir='ltr'>aegritudinum,</span> <span class='ocrx_word' id='word_1_234' title='bbox 1415 1538 1525 1589; x_wconf 91' lang='lat' dir='ltr'>plura</span> <span class='ocrx_word' id='word_1_235' title='bbox 1564 1540 1745 1591; x_wconf 73' lang='lat' dir='ltr'>nomina,</span> 
     </span>
    </p>
   </div>
   <div class='ocr_carea' id='block_1_3' title="bbox 184 1664 930 2886">
    <p class='ocr_par' dir='ltr' id='par_1_3' title="bbox 236 1664 818 1710">
     <span class='ocr_line' id='line_1_26' title="bbox 236 1664 818 1710; baseline -0.003 -10"><span class='ocrx_word' id='word_1_236' title='bbox 236 1666 328 1710; x_wconf 80' lang='lat' dir='ltr'>Kap.</span> <span class='ocrx_word' id='word_1_237' title='bbox 356 1664 419 1700; x_wconf 80' lang='lat'>34.</span> <span class='ocrx_word' id='word_1_238' title='bbox 459 1665 608 1707; x_wconf 78' lang='lat' dir='ltr'>scholae,</span> <span class='ocrx_word' id='word_1_239' title='bbox 634 1676 660 1698; x_wconf 88' lang='lat' dir='ltr'>s.</span> <span class='ocrx_word' id='word_1_240' title='bbox 687 1665 701 1698; x_wconf 93' lang='grc' dir='ltr'>Ι</span> <span class='ocrx_word' id='word_1_241' title='bbox 727 1668 760 1708; x_wconf 89' lang='lat'>4,</span> <span class='ocrx_word' id='word_1_242' title='bbox 788 1668 818 1698; x_wconf 82' lang='lat'>7.</span> 
     </span>
    </p>

    <p class='ocr_par' dir='ltr' id='par_1_4' title="bbox 189 1707 928 1889">
     <span class='ocr_line' id='line_1_27' title="bbox 235 1707 928 1757; baseline -0.004 -10"><span class='ocrx_word' id='word_1_243' title='bbox 235 1723 325 1757; x_wconf 78' lang='lat' dir='ltr'>opus</span> <span class='ocrx_word' id='word_1_244' title='bbox 362 1733 405 1737; x_wconf 86' lang='lat'><em>-</em></span> <span class='ocrx_word' id='word_1_245' title='bbox 439 1715 635 1757; x_wconf 74' lang='lat' dir='ltr'>quaerunt,</span> <span class='ocrx_word' id='word_1_246' title='bbox 674 1707 928 1756; x_wconf 77' lang='grc' dir='ltr'>ἐργολαβοῦσι,</span> 
     </span>
     <span class='ocr_line' id='line_1_28' title="bbox 190 1757 926 1803; baseline -0.004 -9"><span class='ocrx_word' id='word_1_247' title='bbox 190 1759 241 1795; x_wconf 84' lang='grc'>616</span> <span class='ocrx_word' id='word_1_248' title='bbox 268 1760 405 1794; x_wconf 88' lang='grc'>611611611</span> <span class='ocrx_word' id='word_1_249' title='bbox 425 1759 565 1803; x_wconf 72' lang='lat' dir='ltr'>Arbeit,</span> <span class='ocrx_word' id='word_1_250' title='bbox 591 1759 661 1793; x_wconf 73' lang='lat' dir='ltr'>mit</span> <span class='ocrx_word' id='word_1_251' title='bbox 680 1759 763 1793; x_wconf 87' lang='lat' dir='ltr'>dem</span> <span class='ocrx_word' id='word_1_252' title='bbox 783 1757 926 1792; x_wconf 79' lang='lat' dir='ltr'>tadeln-</span> 
     </span>
     <span class='ocr_line' id='line_1_29' title="bbox 189 1805 927 1850; baseline -0.003 -9"><span class='ocrx_word' id='word_1_253' title='bbox 189 1807 260 1842; x_wconf 87' lang='lat' dir='ltr'>den</span> <span class='ocrx_word' id='word_1_254' title='bbox 279 1806 504 1850; x_wconf 83' lang='lat' dir='ltr'>Nebensinn,</span> <span class='ocrx_word' id='word_1_255' title='bbox 531 1806 609 1841; x_wconf 82' lang='lat' dir='ltr'>dass</span> <span class='ocrx_word' id='word_1_256' title='bbox 636 1806 687 1841; x_wconf 87' lang='lat' dir='ltr'>sie</span> <span class='ocrx_word' id='word_1_257' title='bbox 714 1817 751 1840; x_wconf 85' lang='lat' dir='ltr'>es</span> <span class='ocrx_word' id='word_1_258' title='bbox 776 1817 839 1840; x_wconf 90' lang='lat' dir='ltr'>um</span> <span class='ocrx_word' id='word_1_259' title='bbox 865 1805 927 1840; x_wconf 84' lang='grc'>(166</span> 
     </span>
     <span class='ocr_line' id='line_1_30' title="bbox 189 1852 720 1889; baseline -0.002 -1"><span class='ocrx_word' id='word_1_260' title='bbox 189 1854 442 1889; x_wconf 83' lang='lat' dir='ltr'>Gelderwerbs</span> <span class='ocrx_word' id='word_1_261' title='bbox 468 1852 593 1888; x_wconf 86' lang='lat' dir='ltr'>willen</span> <span class='ocrx_word' id='word_1_262' title='bbox 617 1854 720 1887; x_wconf 73' lang='lat' dir='ltr'>thun.</span> 
     </span>
    </p>

    <p class='ocr_par' dir='ltr' id='par_1_5' title="bbox 184 1899 930 2557">
     <span class='ocr_line' id='line_1_31' title="bbox 235 1899 928 1943; baseline -0.004 -7"><span class='ocrx_word' id='word_1_263' title='bbox 235 1905 289 1936; x_wconf 82' lang='lat'>82.</span> <span class='ocrx_word' id='word_1_264' title='bbox 318 1901 371 1936; x_wconf 88' lang='lat' dir='ltr'>Et</span> <span class='ocrx_word' id='word_1_265' title='bbox 396 1904 525 1935; x_wconf 79' lang='lat' dir='ltr'>tamen.</span> <span class='ocrx_word' id='word_1_266' title='bbox 562 1901 646 1935; x_wconf 77' lang='lat' dir='ltr'>Wie</span> <span class='ocrx_word' id='word_1_267' title='bbox 672 1899 731 1934; x_wconf 87' lang='lat' dir='ltr'>die</span> <span class='ocrx_word' id='word_1_268' title='bbox 757 1899 928 1943; x_wconf 88' lang='lat' dir='ltr'>Medicin,</span> 
     </span>
     <span class='ocr_line' id='line_1_32' title="bbox 188 1946 928 1991; baseline -0.003 -9"><span class='ocrx_word' id='word_1_269' title='bbox 188 1948 311 1983; x_wconf 87' lang='lat' dir='ltr'>indem</span> <span class='ocrx_word' id='word_1_270' title='bbox 351 1948 403 1982; x_wconf 82' lang='lat' dir='ltr'>sie</span> <span class='ocrx_word' id='word_1_271' title='bbox 442 1947 512 1982; x_wconf 88' lang='lat' dir='ltr'>den</span> <span class='ocrx_word' id='word_1_272' title='bbox 547 1948 688 1991; x_wconf 76' lang='lat' dir='ltr'>Korper</span> <span class='ocrx_word' id='word_1_273' title='bbox 727 1946 777 1981; x_wconf 88' lang='lat' dir='ltr'>im</span> <span class='ocrx_word' id='word_1_274' title='bbox 815 1947 928 1991; x_wconf 83' lang='lat' dir='ltr'>allge-</span> 
     </span>
     <span class='ocr_line' id='line_1_33' title="bbox 189 1993 927 2039; baseline -0.003 -10"><span class='ocrx_word' id='word_1_275' title='bbox 189 1994 335 2030; x_wconf 87' lang='lat' dir='ltr'>meinen</span> <span class='ocrx_word' id='word_1_276' title='bbox 384 1995 523 2039; x_wconf 83' lang='lat' dir='ltr'>gesund</span> <span class='ocrx_word' id='word_1_277' title='bbox 567 1995 708 2037; x_wconf 67' lang='lat' dir='ltr'>machi,</span> <span class='ocrx_word' id='word_1_278' title='bbox 760 1993 927 2038; x_wconf 86' lang='lat' dir='ltr'>zugleich</span> 
     </span>
     <span class='ocr_line' id='line_1_34' title="bbox 184 2039 929 2087; baseline -0.003 -10"><span class='ocrx_word' id='word_1_279' title='bbox 184 2043 298 2087; x_wconf 85' lang='lat' dir='ltr'>jeden</span> <span class='ocrx_word' id='word_1_280' title='bbox 324 2041 513 2076; x_wconf 86' lang='lat' dir='ltr'>einzelnen</span> <span class='ocrx_word' id='word_1_281' title='bbox 536 2041 616 2076; x_wconf 90' lang='lat' dir='ltr'>Teil</span> <span class='ocrx_word' id='word_1_282' title='bbox 642 2040 746 2083; x_wconf 76' lang='lat' dir='ltr'>heilt,</span> <span class='ocrx_word' id='word_1_283' title='bbox 774 2051 812 2075; x_wconf 91' lang='lat' dir='ltr'>so</span> <span class='ocrx_word' id='word_1_284' title='bbox 839 2039 929 2075; x_wconf 73' lang='lat' dir='ltr'>heht</span> 
     </span>
     <span class='ocr_line' id='line_1_35' title="bbox 189 2087 928 2133; baseline -0.003 -10"><span class='ocrx_word' id='word_1_285' title='bbox 189 2089 248 2124; x_wconf 90' lang='lat' dir='ltr'>die</span> <span class='ocrx_word' id='word_1_286' title='bbox 291 2088 550 2133; x_wconf 82' lang='lat' dir='ltr'>Philosophie,</span> <span class='ocrx_word' id='word_1_287' title='bbox 599 2088 724 2122; x_wconf 86' lang='lat' dir='ltr'>indem</span> <span class='ocrx_word' id='word_1_288' title='bbox 774 2087 825 2122; x_wconf 85' lang='grc'>616</span> <span class='ocrx_word' id='word_1_289' title='bbox 870 2087 928 2122; x_wconf 90' lang='lat' dir='ltr'>die</span> 
     </span>
     <span class='ocr_line' id='line_1_36' title="bbox 188 2134 927 2179; baseline -0.003 -9"><span class='ocrx_word' id='word_1_290' title='bbox 188 2136 469 2171; x_wconf 81' lang='lat' dir='ltr'>Bekiimmernis</span> <span class='ocrx_word' id='word_1_291' title='bbox 493 2135 543 2170; x_wconf 92' lang='lat' dir='ltr'>im</span> <span class='ocrx_word' id='word_1_292' title='bbox 576 2134 823 2179; x_wconf 79' lang='lat' dir='ltr'>allgemeinen</span> <span class='ocrx_word' id='word_1_293' title='bbox 850 2134 927 2169; x_wconf 86' lang='lat' dir='ltr'>auf-</span> 
     </span>
     <span class='ocr_line' id='line_1_37' title="bbox 189 2181 930 2228; baseline -0.004 -10"><span class='ocrx_word' id='word_1_294' title='bbox 189 2184 289 2227; x_wconf 64' lang='grc'>116111,</span> <span class='ocrx_word' id='word_1_295' title='bbox 316 2183 484 2228; x_wconf 88' lang='lat' dir='ltr'>zugleich</span> <span class='ocrx_word' id='word_1_296' title='bbox 513 2183 598 2228; x_wconf 84' lang='lat' dir='ltr'>jede</span> <span class='ocrx_word' id='word_1_297' title='bbox 630 2182 832 2217; x_wconf 83' lang='lat' dir='ltr'>besondere</span> <span class='ocrx_word' id='word_1_298' title='bbox 860 2181 930 2216; x_wconf 78' lang='lat' dir='ltr'>Art</span> 
     </span>
     <span class='ocr_line' id='line_1_38' title="bbox 190 2229 927 2265; baseline -0.003 0"><span class='ocrx_word' id='word_1_299' title='bbox 190 2231 253 2265; x_wconf 85' lang='lat' dir='ltr'>der</span> <span class='ocrx_word' id='word_1_300' title='bbox 295 2229 575 2265; x_wconf 82' lang='lat' dir='ltr'>Bekiimmernis</span> <span class='ocrx_word' id='word_1_301' title='bbox 618 2229 689 2264; x_wconf 82' lang='lat' dir='ltr'>auf.</span> <span class='ocrx_word' id='word_1_302' title='bbox 752 2229 821 2264; x_wconf 73' lang='lat' dir='ltr'>Mit</span> <span class='ocrx_word' id='word_1_303' title='bbox 863 2230 927 2263; x_wconf 86' lang='lat' dir='ltr'>etsi</span> 
     </span>
     <span class='ocr_line' id='line_1_39' title="bbox 187 2276 927 2321; baseline 0 -10"><span class='ocrx_word' id='word_1_304' title='bbox 187 2277 279 2312; x_wconf 88' lang='lat' dir='ltr'>wird</span> <span class='ocrx_word' id='word_1_305' title='bbox 304 2277 381 2311; x_wconf 82' lang='lat' dir='ltr'>dies</span> <span class='ocrx_word' id='word_1_306' title='bbox 406 2277 544 2321; x_wconf 80' lang='lat' dir='ltr'>Urteil,</span> <span class='ocrx_word' id='word_1_307' title='bbox 576 2277 750 2312; x_wconf 88' lang='lat' dir='ltr'>wodurch</span> <span class='ocrx_word' id='word_1_308' title='bbox 782 2276 840 2311; x_wconf 85' lang='lat' dir='ltr'>die</span> <span class='ocrx_word' id='word_1_309' title='bbox 865 2276 927 2311; x_wconf 87' lang='lat' dir='ltr'>be-</span> 
     </span>
     <span class='ocr_line' id='line_1_40' title="bbox 187 2323 928 2369; baseline -0.004 -9"><span class='ocrx_word' id='word_1_310' title='bbox 187 2325 366 2360; x_wconf 87' lang='lat' dir='ltr'>sonderen</span> <span class='ocrx_word' id='word_1_311' title='bbox 396 2323 580 2369; x_wconf 62' lang='lat' dir='ltr'>Vortreige</span> <span class='ocrx_word' id='word_1_312' title='bbox 617 2323 675 2357; x_wconf 79' lang='lat' dir='ltr'>fiir</span> <span class='ocrx_word' id='word_1_313' title='bbox 712 2323 928 2368; x_wconf 77' lang='lat' dir='ltr'>fiberfliissig</span> 
     </span>
     <span class='ocr_line' id='line_1_41' title="bbox 188 2370 926 2414; baseline -0.001 -9"><span class='ocrx_word' id='word_1_314' title='bbox 188 2371 327 2406; x_wconf 61' lang='lat' dir='ltr'>erklart</span> <span class='ocrx_word' id='word_1_315' title='bbox 353 2371 519 2414; x_wconf 88' lang='lat' dir='ltr'>werden,</span> <span class='ocrx_word' id='word_1_316' title='bbox 546 2370 778 2405; x_wconf 70' lang='lat' dir='ltr'>beschrankt.</span> <span class='ocrx_word' id='word_1_317' title='bbox 828 2371 926 2405; x_wconf 60' lang='lat' dir='ltr'>Heiu-</span> 
     </span>
     <span class='ocr_line' id='line_1_42' title="bbox 187 2417 927 2463; baseline 0.001 -12"><span class='ocrx_word' id='word_1_318' title='bbox 187 2419 277 2463; x_wconf 87' lang='lat' dir='ltr'>figer</span> <span class='ocrx_word' id='word_1_319' title='bbox 308 2417 399 2452; x_wconf 87' lang='lat' dir='ltr'>wird</span> <span class='ocrx_word' id='word_1_320' title='bbox 431 2417 469 2451; x_wconf 90' lang='lat' dir='ltr'>in</span> <span class='ocrx_word' id='word_1_321' title='bbox 503 2417 621 2452; x_wconf 81' lang='lat' dir='ltr'>dieser</span> <span class='ocrx_word' id='word_1_322' title='bbox 652 2417 775 2452; x_wconf 84' lang='lat' dir='ltr'>Weise</span> <span class='ocrx_word' id='word_1_323' title='bbox 806 2429 927 2462; x_wconf 81' lang='lat' dir='ltr'>quam-</span> 
     </span>
     <span class='ocr_line' id='line_1_43' title="bbox 187 2464 928 2510; baseline -0.001 -10"><span class='ocrx_word' id='word_1_324' title='bbox 187 2477 294 2510; x_wconf 77' lang='lat' dir='ltr'>quam</span> <span class='ocrx_word' id='word_1_325' title='bbox 319 2465 541 2510; x_wconf 74' lang='lat' dir='ltr'>gebraucht,</span> <span class='ocrx_word' id='word_1_326' title='bbox 567 2464 654 2499; x_wconf 81' lang='lat' dir='ltr'>aber</span> <span class='ocrx_word' id='word_1_327' title='bbox 680 2476 706 2499; x_wconf 88' lang='grc'>6.</span> <span class='ocrx_word' id='word_1_328' title='bbox 735 2469 766 2508; x_wconf 89' lang='lat'>8,</span> <span class='ocrx_word' id='word_1_329' title='bbox 795 2469 837 2499; x_wconf 84' lang='lat'>17</span> <span class='ocrx_word' id='word_1_330' title='bbox 863 2465 928 2500; x_wconf 83' lang='lat' dir='ltr'>etsi</span> 
     </span>
     <span class='ocr_line' id='line_1_44' title="bbox 187 2513 923 2557; baseline -0.001 -10"><span class='ocrx_word' id='word_1_331' title='bbox 187 2514 250 2548; x_wconf 80' lang='lat' dir='ltr'>hoc</span> <span class='ocrx_word' id='word_1_332' title='bbox 282 2513 423 2557; x_wconf 72' lang='lat' dir='ltr'>quidem</span> <span class='ocrx_word' id='word_1_333' title='bbox 455 2522 636 2546; x_wconf 81' lang='lat' dir='ltr'>commune</span> <span class='ocrx_word' id='word_1_334' title='bbox 667 2515 716 2546; x_wconf 83' lang='lat' dir='ltr'>est</span> <span class='ocrx_word' id='word_1_335' title='bbox 740 2513 923 2546; x_wconf 78' lang='lat' dir='ltr'>virtutum.</span> 
     </span>
    </p>

    <p class='ocr_par' dir='ltr' id='par_1_6' title="bbox 188 2559 927 2735">
     <span class='ocr_line' id='line_1_45' title="bbox 235 2559 927 2601; baseline -0.003 -7"><span class='ocrx_word' id='word_1_336' title='bbox 235 2560 267 2594; x_wconf 84' lang='lat' dir='ltr'>si</span> <span class='ocrx_word' id='word_1_337' title='bbox 288 2579 329 2584; x_wconf 91' lang='lat'>—</span> <span class='ocrx_word' id='word_1_338' title='bbox 350 2569 449 2594; x_wconf 79' lang='lat' dir='ltr'>error</span> <span class='ocrx_word' id='word_1_339' title='bbox 469 2559 636 2593; x_wconf 73' lang='lat' dir='ltr'>alicunde</span> <span class='ocrx_word' id='word_1_340' title='bbox 655 2559 803 2601; x_wconf 72' lang='lat' dir='ltr'>coestitit,</span> <span class='ocrx_word' id='word_1_341' title='bbox 822 2569 927 2593; x_wconf 86' lang='lat' dir='ltr'>wenn</span> 
     </span>
     <span class='ocr_line' id='line_1_46' title="bbox 188 2605 927 2650; baseline -0.001 -9"><span class='ocrx_word' id='word_1_342' title='bbox 188 2607 247 2641; x_wconf 87' lang='lat' dir='ltr'>die</span> <span class='ocrx_word' id='word_1_343' title='bbox 279 2606 419 2640; x_wconf 79' lang='lat' dir='ltr'>faleche</span> <span class='ocrx_word' id='word_1_344' title='bbox 445 2605 699 2650; x_wconf 77' lang='lat' dir='ltr'>Vorstellung,</span> <span class='ocrx_word' id='word_1_345' title='bbox 732 2605 810 2640; x_wconf 85' lang='lat' dir='ltr'>dass</span> <span class='ocrx_word' id='word_1_346' title='bbox 843 2616 927 2640; x_wconf 87' lang='lat' dir='ltr'>man</span> 
     </span>
     <span class='ocr_line' id='line_1_47' title="bbox 189 2652 926 2697; baseline -0.003 -8"><span class='ocrx_word' id='word_1_347' title='bbox 189 2653 267 2689; x_wconf 83' lang='lat' dir='ltr'>sich</span> <span class='ocrx_word' id='word_1_348' title='bbox 287 2653 337 2687; x_wconf 91' lang='lat' dir='ltr'>im</span> <span class='ocrx_word' id='word_1_349' title='bbox 352 2653 522 2697; x_wconf 81' lang='lat' dir='ltr'>Ungliick</span> <span class='ocrx_word' id='word_1_350' title='bbox 542 2652 698 2697; x_wconf 89' lang='lat' dir='ltr'>befinde,</span> <span class='ocrx_word' id='word_1_351' title='bbox 714 2663 778 2687; x_wconf 83' lang='lat' dir='ltr'>aus</span> <span class='ocrx_word' id='word_1_352' title='bbox 798 2652 926 2697; x_wconf 86' lang='lat' dir='ltr'>irgend</span> 
     </span>
     <span class='ocr_line' id='line_1_48' title="bbox 188 2699 681 2735; baseline -0.002 0"><span class='ocrx_word' id='word_1_353' title='bbox 188 2701 307 2735; x_wconf 89' lang='lat' dir='ltr'>einem</span> <span class='ocrx_word' id='word_1_354' title='bbox 334 2699 480 2734; x_wconf 87' lang='lat' dir='ltr'>Grunde</span> <span class='ocrx_word' id='word_1_355' title='bbox 507 2700 681 2734; x_wconf 75' lang='lat' dir='ltr'>entsteht.</span> 
     </span>
    </p>

    <p class='ocr_par' dir='ltr' id='par_1_7' title="bbox 229 2747 678 2792">
     <span class='ocr_line' id='line_1_49' title="bbox 229 2747 678 2792; baseline -0.004 -10"><span class='ocrx_word' id='word_1_356' title='bbox 229 2748 403 2792; x_wconf 68' lang='lat' dir='ltr'>pupuqit,</span> <span class='ocrx_word' id='word_1_357' title='bbox 430 2759 456 2781; x_wconf 80' lang='grc'>6.</span> <span class='ocrx_word' id='word_1_358' title='bbox 483 2747 515 2780; x_wconf 89' lang='lat'>11</span> <span class='ocrx_word' id='word_1_359' title='bbox 546 2751 597 2789; x_wconf 84' lang='lat'>14,</span> <span class='ocrx_word' id='word_1_360' title='bbox 625 2751 678 2781; x_wconf 85' lang='lat'>33.</span> 
     </span>
    </p>

    <p class='ocr_par' dir='ltr' id='par_1_8' title="bbox 189 2793 925 2886">
     <span class='ocr_line' id='line_1_50' title="bbox 235 2793 925 2837; baseline -0.001 -8"><span class='ocrx_word' id='word_1_361' title='bbox 235 2795 459 2829; x_wconf 79' lang='lat' dir='ltr'>tenebrarum</span> <span class='ocrx_word' id='word_1_362' title='bbox 492 2795 651 2837; x_wconf 81' lang='lat' dir='ltr'>obfudit,</span> <span class='ocrx_word' id='word_1_363' title='bbox 691 2793 769 2828; x_wconf 87' lang='lat' dir='ltr'>hier</span> <span class='ocrx_word' id='word_1_364' title='bbox 805 2793 925 2828; x_wconf 82' lang='lat' dir='ltr'>‘triibe</span> 
     </span>
     <span class='ocr_line' id='line_1_51' title="bbox 189 2841 605 2886; baseline -0.002 -9"><span class='ocrx_word' id='word_1_365' title='bbox 189 2842 398 2886; x_wconf 75' lang='lat' dir='ltr'>Stimmung</span> <span class='ocrx_word' id='word_1_366' title='bbox 423 2841 605 2876; x_wconf 77' lang='lat' dir='ltr'>bereitet&#39;.</span> 
     </span>
    </p>
   </div>
   <div class='ocr_carea' id='block_1_4' title="bbox 1000 1663 1739 1840">
    <p class='ocr_par' dir='ltr' id='par_1_9' title="bbox 1002 1663 1738 1756">
     <span class='ocr_line' id='line_1_52' title="bbox 1046 1663 1738 1708; baseline 0.001 -11"><span class='ocrx_word' id='word_1_367' title='bbox 1046 1664 1191 1707; x_wconf 79' lang='lat' dir='ltr'>fontem,</span> <span class='ocrx_word' id='word_1_368' title='bbox 1213 1663 1277 1697; x_wconf 82' lang='lat' dir='ltr'>das</span> <span class='ocrx_word' id='word_1_369' title='bbox 1298 1663 1459 1708; x_wconf 88' lang='lat' dir='ltr'>Princip,</span> <span class='ocrx_word' id='word_1_370' title='bbox 1484 1674 1555 1698; x_wconf 87' lang='lat' dir='ltr'>von</span> <span class='ocrx_word' id='word_1_371' title='bbox 1576 1663 1658 1698; x_wconf 87' lang='lat' dir='ltr'>dem</span> <span class='ocrx_word' id='word_1_372' title='bbox 1679 1663 1738 1698; x_wconf 87' lang='lat' dir='ltr'>die</span> 
     </span>
     <span class='ocr_line' id='line_1_53' title="bbox 1002 1709 1737 1756; baseline 0.001 -12"><span class='ocrx_word' id='word_1_373' title='bbox 1002 1710 1189 1745; x_wconf 88' lang='lat' dir='ltr'>einzelnen</span> <span class='ocrx_word' id='word_1_374' title='bbox 1218 1711 1323 1745; x_wconf 69' lang='lat' dir='ltr'>S&#39;atze</span> <span class='ocrx_word' id='word_1_375' title='bbox 1355 1709 1556 1756; x_wconf 73' lang='lat' dir='ltr'>abgeleitet</span> <span class='ocrx_word' id='word_1_376' title='bbox 1580 1710 1737 1746; x_wconf 86' lang='lat' dir='ltr'>werden.</span> 
     </span>
    </p>

    <p class='ocr_par' dir='ltr' id='par_1_10' title="bbox 1000 1758 1739 1840">
     <span class='ocr_line' id='line_1_54' title="bbox 1047 1758 1739 1802; baseline -0.001 -9"><span class='ocrx_word' id='word_1_377' title='bbox 1047 1758 1278 1801; x_wconf 82' lang='lat' dir='ltr'>invitatione,</span> <span class='ocrx_word' id='word_1_378' title='bbox 1312 1769 1338 1792; x_wconf 85' lang='grc'>6.</span> <span class='ocrx_word' id='word_1_379' title='bbox 1366 1761 1425 1801; x_wconf 89' lang='lat'>30,</span> <span class='ocrx_word' id='word_1_380' title='bbox 1455 1761 1496 1792; x_wconf 84' lang='lat'>73</span> <span class='ocrx_word' id='word_1_381' title='bbox 1528 1758 1601 1802; x_wconf 79' lang='lat' dir='ltr'>ipsi</span> <span class='ocrx_word' id='word_1_382' title='bbox 1630 1768 1666 1794; x_wconf 83' lang='lat' dir='ltr'>se</span> <span class='ocrx_word' id='word_1_383' title='bbox 1691 1758 1739 1792; x_wconf 85' lang='lat' dir='ltr'>ad</span> 
     </span>
     <span class='ocr_line' id='line_1_55' title="bbox 1000 1805 1377 1840; baseline 0.003 -1"><span class='ocrx_word' id='word_1_384' title='bbox 1000 1805 1181 1839; x_wconf 83' lang='lat' dir='ltr'>miseriam</span> <span class='ocrx_word' id='word_1_385' title='bbox 1206 1805 1377 1840; x_wconf 78' lang='lat' dir='ltr'>invitant.</span> 
     </span>
    </p>
   </div>
   <div class='ocr_carea' id='block_1_5' title="bbox 1000 1863 1772 2322">
    <p class='ocr_par' dir='ltr' id='par_1_11' title="bbox 1000 1863 1772 2190">
     <span class='ocr_line' id='line_1_56' title="bbox 1048 1863 1737 1909; baseline -0.001 -10"><span class='ocrx_word' id='word_1_386' title='bbox 1048 1867 1102 1899; x_wconf 89' lang='lat'>83.</span> <span class='ocrx_word' id='word_1_387' title='bbox 1137 1864 1466 1899; x_wconf 73' lang='lat' dir='ltr'>contractiuncula:</span> <span class='ocrx_word' id='word_1_388' title='bbox 1497 1863 1571 1909; x_wconf 91' lang='lat' dir='ltr'>vgl.</span> <span class='ocrx_word' id='word_1_389' title='bbox 1598 1863 1648 1898; x_wconf 89' lang='lat' dir='ltr'>IV</span> <span class='ocrx_word' id='word_1_390' title='bbox 1681 1867 1737 1906; x_wconf 90' lang='lat'>31,</span> 
     </span>
     <span class='ocr_line' id='line_1_57' title="bbox 1001 1910 1738 1946; baseline 0.001 -1"><span class='ocrx_word' id='word_1_391' title='bbox 1001 1914 1044 1945; x_wconf 87' lang='grc'>66</span> <span class='ocrx_word' id='word_1_392' title='bbox 1083 1912 1123 1945; x_wconf 83' lang='lat' dir='ltr'>in</span> <span class='ocrx_word' id='word_1_393' title='bbox 1160 1911 1280 1946; x_wconf 84' lang='lat' dir='ltr'>dolore</span> <span class='ocrx_word' id='word_1_394' title='bbox 1317 1912 1523 1946; x_wconf 83' lang='lat' dir='ltr'>contractio.</span> <span class='ocrx_word' id='word_1_395' title='bbox 1551 1931 1592 1935; x_wconf 92' lang='lat'><strong>—</strong></span> <span class='ocrx_word' id='word_1_396' title='bbox 1626 1910 1738 1946; x_wconf 84' lang='lat' dir='ltr'>Hanc</span> 
     </span>
     <span class='ocr_line' id='line_1_58' title="bbox 1000 1957 1737 1993; baseline 0.001 -2"><span class='ocrx_word' id='word_1_397' title='bbox 1000 1957 1147 1992; x_wconf 78' lang='lat' dir='ltr'>bezieht</span> <span class='ocrx_word' id='word_1_398' title='bbox 1195 1958 1270 1993; x_wconf 84' lang='lat' dir='ltr'>sich</span> <span class='ocrx_word' id='word_1_399' title='bbox 1320 1958 1386 1993; x_wconf 85' lang='lat' dir='ltr'>auf</span> <span class='ocrx_word' id='word_1_400' title='bbox 1425 1958 1737 1993; x_wconf 81' lang='lat' dir='ltr'>contractiuncula</span> 
     </span>
     <span class='ocr_line' id='line_1_59' title="bbox 1001 2004 1737 2049; baseline 0.003 -11"><span class='ocrx_word' id='word_1_401' title='bbox 1001 2004 1125 2049; x_wconf 80' lang='lat' dir='ltr'>allein,</span> <span class='ocrx_word' id='word_1_402' title='bbox 1145 2005 1229 2039; x_wconf 85' lang='lat' dir='ltr'>weil</span> <span class='ocrx_word' id='word_1_403' title='bbox 1249 2004 1301 2039; x_wconf 84' lang='lat' dir='ltr'>sie</span> <span class='ocrx_word' id='word_1_404' title='bbox 1322 2005 1380 2040; x_wconf 91' lang='lat' dir='ltr'>die</span> <span class='ocrx_word' id='word_1_405' title='bbox 1400 2005 1585 2040; x_wconf 88' lang='lat' dir='ltr'>dauernde</span> <span class='ocrx_word' id='word_1_406' title='bbox 1605 2005 1737 2049; x_wconf 87' lang='lat' dir='ltr'>Eigen-</span> 
     </span>
     <span class='ocr_line' id='line_1_60' title="bbox 1001 2051 1738 2095; baseline -0.001 -9"><span class='ocrx_word' id='word_1_407' title='bbox 1001 2051 1121 2086; x_wconf 80' lang='lat' dir='ltr'>schaft</span> <span class='ocrx_word' id='word_1_408' title='bbox 1153 2052 1217 2086; x_wconf 85' lang='lat' dir='ltr'>der</span> <span class='ocrx_word' id='word_1_409' title='bbox 1250 2051 1352 2086; x_wconf 83' lang='lat' dir='ltr'>Seele</span> <span class='ocrx_word' id='word_1_410' title='bbox 1385 2052 1600 2095; x_wconf 76' lang='lat' dir='ltr'>ausdriickt,</span> <span class='ocrx_word' id='word_1_411' title='bbox 1638 2051 1738 2086; x_wconf 64' lang='lat' dir='ltr'>wah-</span> 
     </span>
     <span class='ocr_line' id='line_1_61' title="bbox 1000 2098 1772 2139; baseline 0.001 -7"><span class='ocrx_word' id='word_1_412' title='bbox 1000 2099 1089 2133; x_wconf 87' lang='lat' dir='ltr'>rend</span> <span class='ocrx_word' id='word_1_413' title='bbox 1115 2098 1178 2133; x_wconf 87' lang='lat' dir='ltr'>der</span> <span class='ocrx_word' id='word_1_414' title='bbox 1196 2098 1321 2133; x_wconf 82' lang='lat' dir='ltr'>Plural</span> <span class='ocrx_word' id='word_1_415' title='bbox 1345 2109 1484 2134; x_wconf 78' lang='lat' dir='ltr'>morsus</span> <span class='ocrx_word' id='word_1_416' title='bbox 1503 2099 1606 2133; x_wconf 89' lang='lat' dir='ltr'>mehr</span> <span class='ocrx_word' id='word_1_417' title='bbox 1625 2099 1737 2134; x_wconf 74' lang='lat' dir='ltr'>etwas</span> <span class='ocrx_word' id='word_1_418' title='bbox 1770 2099 1772 2139; x_wconf 76' lang='grc' dir='ltr'><em>ξ</em></span> 
     </span>
     <span class='ocr_line' id='line_1_62' title="bbox 1001 2145 1603 2190; baseline 0.002 -11"><span class='ocrx_word' id='word_1_419' title='bbox 1001 2145 1353 2190; x_wconf 83' lang='lat' dir='ltr'>Voriibergehendes</span> <span class='ocrx_word' id='word_1_420' title='bbox 1377 2146 1603 2181; x_wconf 76' lang='lat' dir='ltr'>bezeichnet.</span> 
     </span>
    </p>

    <p class='ocr_par' dir='ltr' id='par_1_12' title="bbox 1000 2187 1771 2322">
     <span class='ocr_line' id='line_1_63' title="bbox 1047 2187 1771 2238; baseline -0.001 -11"><span class='ocrx_word' id='word_1_421' title='bbox 1047 2193 1227 2235; x_wconf 78' lang='lat' dir='ltr'>habitare,</span> <span class='ocrx_word' id='word_1_422' title='bbox 1259 2193 1367 2227; x_wconf 82' lang='lat' dir='ltr'>Hand</span> <span class='ocrx_word' id='word_1_423' title='bbox 1398 2192 1437 2227; x_wconf 85' lang='lat' dir='ltr'>in</span> <span class='ocrx_word' id='word_1_424' title='bbox 1468 2193 1576 2228; x_wconf 81' lang='lat' dir='ltr'>Hand</span> <span class='ocrx_word' id='word_1_425' title='bbox 1608 2193 1737 2238; x_wconf 88' lang='lat' dir='ltr'>gehen,</span> <span class='ocrx_word' id='word_1_426' title='bbox 1769 2187 1771 2216; x_wconf 69' lang='lat'>⁴3</span> 
     </span>
     <span class='ocr_line' id='line_1_64' title="bbox 1000 2239 1771 2285; baseline 0.001 -12"><span class='ocrx_word' id='word_1_427' title='bbox 1000 2240 1143 2275; x_wconf 72' lang='lat' dir='ltr'>vereint</span> <span class='ocrx_word' id='word_1_428' title='bbox 1168 2240 1257 2275; x_wconf 81' lang='lat' dir='ltr'>sein.</span> <span class='ocrx_word' id='word_1_429' title='bbox 1296 2239 1379 2285; x_wconf 85' lang='lat' dir='ltr'>Vgl.</span> <span class='ocrx_word' id='word_1_430' title='bbox 1406 2240 1436 2275; x_wconf 92' lang='lat' dir='ltr'>V</span> <span class='ocrx_word' id='word_1_431' title='bbox 1465 2244 1484 2282; x_wconf 64' lang='grc' dir='ltr'>ἓ</span> <span class='ocrx_word' id='word_1_432' title='bbox 1510 2244 1554 2275; x_wconf 86' lang='grc'>64</span> <span class='ocrx_word' id='word_1_433' title='bbox 1580 2251 1658 2275; x_wconf 86' lang='lat' dir='ltr'>cum</span> <span class='ocrx_word' id='word_1_434' title='bbox 1683 2240 1739 2274; x_wconf 73' lang='lat' dir='ltr'>his</span> <span class='ocrx_word' id='word_1_435' title='bbox 1769 2247 1771 2250; x_wconf 81' lang='grc'><em>·</em></span> 
     </span>
     <span class='ocr_line' id='line_1_65' title="bbox 1000 2288 1607 2322; baseline 0 0"><span class='ocrx_word' id='word_1_436' title='bbox 1000 2288 1097 2322; x_wconf 79' lang='lat' dir='ltr'>curis</span> <span class='ocrx_word' id='word_1_437' title='bbox 1121 2288 1339 2322; x_wconf 80' lang='lat' dir='ltr'>habitantem</span> <span class='ocrx_word' id='word_1_438' title='bbox 1366 2308 1410 2312; x_wconf 93' lang='lat'><strong>—</strong></span> <span class='ocrx_word' id='word_1_439' title='bbox 1436 2289 1607 2322; x_wconf 85' lang='lat' dir='ltr'>animum.</span> 
     </span>
    </p>
   </div>
   <div class='ocr_carea' id='block_1_6' title="bbox 997 2345 1770 2580">
    <p class='ocr_par' dir='ltr' id='par_1_13' title="bbox 997 2345 1770 2580">
     <span class='ocr_line' id='line_1_66' title="bbox 1046 2345 1770 2391; baseline -0.003 -9"><span class='ocrx_word' id='word_1_440' title='bbox 1046 2347 1240 2391; x_wconf 65' lang='lat' dir='ltr'>dicendae,</span> <span class='ocrx_word' id='word_1_441' title='bbox 1254 2346 1531 2391; x_wconf 83' lang='lat' dir='ltr'>herauszupfen,</span> <span class='ocrx_word' id='word_1_442' title='bbox 1551 2345 1737 2391; x_wconf 67' lang='lat' dir='ltr'>ausj&#39;abem</span> <span class='ocrx_word' id='word_1_443' title='bbox 1769 2374 1770 2388; x_wconf 60' lang='grc'>,</span> 
     </span>
     <span class='ocr_line' id='line_1_67' title="bbox 999 2393 1770 2438; baseline -0.001 -10"><span class='ocrx_word' id='word_1_444' title='bbox 999 2393 1036 2428; x_wconf 87' lang='grc'>111</span> <span class='ocrx_word' id='word_1_445' title='bbox 1080 2393 1263 2438; x_wconf 88' lang='lat' dir='ltr'>gleichem</span> <span class='ocrx_word' id='word_1_446' title='bbox 1301 2393 1412 2428; x_wconf 85' lang='lat' dir='ltr'>Sinne</span> <span class='ocrx_word' id='word_1_447' title='bbox 1448 2393 1499 2428; x_wconf 88' lang='lat' dir='ltr'>III</span> <span class='ocrx_word' id='word_1_448' title='bbox 1537 2397 1556 2436; x_wconf 66' lang='grc' dir='ltr'>ἓ</span> <span class='ocrx_word' id='word_1_449' title='bbox 1585 2397 1625 2428; x_wconf 86' lang='grc'>13</span> <span class='ocrx_word' id='word_1_450' title='bbox 1662 2403 1736 2428; x_wconf 90' lang='lat' dir='ltr'>non</span> <span class='ocrx_word' id='word_1_451' title='bbox 1768 2425 1770 2437; x_wconf 48' lang='lat'>,</span> 
     </span>
     <span class='ocr_line' id='line_1_68' title="bbox 997 2441 1770 2496; baseline -0.001 -21"><span class='ocrx_word' id='word_1_452' title='bbox 997 2441 1112 2476; x_wconf 80' lang='lat' dir='ltr'>solum</span> <span class='ocrx_word' id='word_1_453' title='bbox 1145 2452 1262 2476; x_wconf 72' lang='lat' dir='ltr'>ramos</span> <span class='ocrx_word' id='word_1_454' title='bbox 1292 2443 1480 2485; x_wconf 75' lang='lat' dir='ltr'>amputare</span> <span class='ocrx_word' id='word_1_455' title='bbox 1510 2441 1737 2476; x_wconf 79' lang='lat' dir='ltr'>miseriarum</span> <span class='ocrx_word' id='word_1_456' title='bbox 1768 2478 1770 2496; x_wconf 23' lang='grc' dir='ltr'>ἱ</span> 
     </span>
     <span class='ocr_line' id='line_1_69' title="bbox 998 2487 1735 2531; baseline 0 -9"><span class='ocrx_word' id='word_1_457' title='bbox 998 2488 1058 2523; x_wconf 84' lang='lat' dir='ltr'>sed</span> <span class='ocrx_word' id='word_1_458' title='bbox 1091 2499 1209 2523; x_wconf 84' lang='lat' dir='ltr'>omnes</span> <span class='ocrx_word' id='word_1_459' title='bbox 1242 2489 1407 2523; x_wconf 79' lang='lat' dir='ltr'>radicum</span> <span class='ocrx_word' id='word_1_460' title='bbox 1440 2488 1552 2531; x_wconf 78' lang='lat' dir='ltr'>fibras</span> <span class='ocrx_word' id='word_1_461' title='bbox 1586 2487 1735 2523; x_wconf 82' lang='lat' dir='ltr'>evellere.</span> 
     </span>
     <span class='ocr_line' id='line_1_70' title="bbox 998 2534 1549 2580; baseline 0.002 -11"><span class='ocrx_word' id='word_1_462' title='bbox 998 2536 1127 2580; x_wconf 81' lang='lat' dir='ltr'>stirpes</span> <span class='ocrx_word' id='word_1_463' title='bbox 1151 2535 1201 2569; x_wconf 74' lang='lat' dir='ltr'>ist</span> <span class='ocrx_word' id='word_1_464' title='bbox 1225 2534 1304 2569; x_wconf 89' lang='lat' dir='ltr'>hier</span> <span class='ocrx_word' id='word_1_465' title='bbox 1329 2552 1372 2564; x_wconf 97' lang='lat'><strong><em>=</em></strong></span> <span class='ocrx_word' id='word_1_466' title='bbox 1399 2535 1549 2570; x_wconf 74' lang='lat' dir='ltr'>radices.</span> 
     </span>
    </p>
   </div>
   <div class='ocr_carea' id='block_1_7' title="bbox 1000 2593 1734 2685">
    <p class='ocr_par' dir='ltr' id='par_1_14' title="bbox 1000 2593 1734 2685">
     <span class='ocr_line' id='line_1_71' title="bbox 1045 2593 1734 2637; baseline -0.001 -8"><span class='ocrx_word' id='word_1_467' title='bbox 1045 2595 1109 2629; x_wconf 80' lang='lat' dir='ltr'>hoc</span> <span class='ocrx_word' id='word_1_468' title='bbox 1147 2595 1277 2637; x_wconf 88' lang='lat' dir='ltr'>otium,</span> <span class='ocrx_word' id='word_1_469' title='bbox 1318 2593 1391 2629; x_wconf 78' lang='lat' dir='ltr'>‘die</span> <span class='ocrx_word' id='word_1_470' title='bbox 1429 2593 1544 2628; x_wconf 78' lang='lat' dir='ltr'>Musse</span> <span class='ocrx_word' id='word_1_471' title='bbox 1582 2593 1734 2628; x_wconf 83' lang='lat' dir='ltr'>hierzu’.</span> 
     </span>
     <span class='ocr_line' id='line_1_72' title="bbox 1000 2641 1662 2685; baseline 0 -10"><span class='ocrx_word' id='word_1_472' title='bbox 1000 2641 1034 2677; x_wconf 90' lang='lat' dir='ltr'>S.</span> <span class='ocrx_word' id='word_1_473' title='bbox 1061 2653 1089 2675; x_wconf 87' lang='lat' dir='ltr'>z.</span> <span class='ocrx_word' id='word_1_474' title='bbox 1117 2641 1133 2675; x_wconf 89' lang='lat' dir='ltr'>I</span> <span class='ocrx_word' id='word_1_475' title='bbox 1162 2645 1214 2685; x_wconf 88' lang='grc'>19,</span> <span class='ocrx_word' id='word_1_476' title='bbox 1242 2644 1285 2675; x_wconf 83' lang='grc'>45</span> <span class='ocrx_word' id='word_1_477' title='bbox 1311 2641 1396 2677; x_wconf 79' lang='lat' dir='ltr'>haec</span> <span class='ocrx_word' id='word_1_478' title='bbox 1415 2641 1662 2685; x_wconf 77' lang='lat' dir='ltr'>pulchritudo.</span> 
     </span>
    </p>
   </div>
   <div class='ocr_carea' id='block_1_8' title="bbox 997 2698 1767 2886">
    <p class='ocr_par' dir='ltr' id='par_1_15' title="bbox 997 2698 1767 2886">
     <span class='ocr_line' id='line_1_73' title="bbox 1045 2698 1735 2735; baseline -0.003 0"><span class='ocrx_word' id='word_1_479' title='bbox 1045 2701 1264 2735; x_wconf 78' lang='lat' dir='ltr'>cuicuimodi</span> <span class='ocrx_word' id='word_1_480' title='bbox 1288 2703 1347 2735; x_wconf 85' lang='lat' dir='ltr'>est.</span> <span class='ocrx_word' id='word_1_481' title='bbox 1384 2700 1512 2734; x_wconf 86' lang='lat' dir='ltr'>Dieser</span> <span class='ocrx_word' id='word_1_482' title='bbox 1537 2699 1650 2734; x_wconf 89' lang='lat' dir='ltr'>durch</span> <span class='ocrx_word' id='word_1_483' title='bbox 1676 2698 1735 2734; x_wconf 86' lang='lat' dir='ltr'>die</span> 
     </span>
     <span class='ocr_line' id='line_1_74' title="bbox 997 2744 1767 2792; baseline -0.001 -11"><span class='ocrx_word' id='word_1_484' title='bbox 997 2747 1229 2792; x_wconf 84' lang='lat' dir='ltr'>Aussprache</span> <span class='ocrx_word' id='word_1_485' title='bbox 1248 2746 1474 2782; x_wconf 86' lang='lat' dir='ltr'>verdorbene</span> <span class='ocrx_word' id='word_1_486' title='bbox 1488 2745 1643 2781; x_wconf 79' lang='lat' dir='ltr'>Genetiv</span> <span class='ocrx_word' id='word_1_487' title='bbox 1662 2755 1734 2780; x_wconf 87' lang='lat' dir='ltr'>von</span> <span class='ocrx_word' id='word_1_488' title='bbox 1766 2744 1767 2760; x_wconf 31' lang='grc' dir='ltr'><strong>ἶ</strong></span> 
     </span>
     <span class='ocr_line' id='line_1_75' title="bbox 997 2792 1732 2838; baseline -0.001 -10"><span class='ocrx_word' id='word_1_489' title='bbox 997 2795 1159 2838; x_wconf 78' lang='lat' dir='ltr'>quisquis</span> <span class='ocrx_word' id='word_1_490' title='bbox 1184 2794 1299 2828; x_wconf 77' lang='lat' dir='ltr'>findet</span> <span class='ocrx_word' id='word_1_491' title='bbox 1323 2794 1401 2828; x_wconf 84' lang='lat' dir='ltr'>sich</span> <span class='ocrx_word' id='word_1_492' title='bbox 1421 2806 1488 2828; x_wconf 91' lang='lat' dir='ltr'>nur</span> <span class='ocrx_word' id='word_1_493' title='bbox 1507 2794 1544 2828; x_wconf 88' lang='lat' dir='ltr'>in</span> <span class='ocrx_word' id='word_1_494' title='bbox 1564 2793 1627 2828; x_wconf 85' lang='lat' dir='ltr'>der</span> <span class='ocrx_word' id='word_1_495' title='bbox 1645 2792 1732 2828; x_wconf 86' lang='lat' dir='ltr'>Ver-</span> 
     </span>
     <span class='ocr_line' id='line_1_76' title="bbox 997 2841 1767 2886; baseline -0.001 -10"><span class='ocrx_word' id='word_1_496' title='bbox 997 2841 1163 2886; x_wconf 86' lang='lat' dir='ltr'>bindung</span> <span class='ocrx_word' id='word_1_497' title='bbox 1188 2841 1257 2875; x_wconf 76' lang='lat' dir='ltr'>mit</span> <span class='ocrx_word' id='word_1_498' title='bbox 1281 2841 1386 2876; x_wconf 74' lang='lat' dir='ltr'>modi.</span> <span class='ocrx_word' id='word_1_499' title='bbox 1765 2843 1767 2851; x_wconf 89' lang='grc'><strong>’</strong></span> 
     </span>
    </p>
   </div>
   <div class='ocr_carea' id='block_1_9' title="bbox 1759 0 1790 3103">
    <p class='ocr_par' dir='ltr' id='par_1_16' title="bbox 1759 0 1790 3103">
     <span class='ocr_line' id='line_1_77' title="bbox 1759 0 1790 3103; baseline 0 0"><span class='ocrx_word' id='word_1_500' title='bbox 1759 0 1790 3103; x_wconf 95' lang='lat' dir='ltr'> </span> 
     </span>
    </p>
   </div>
  </div>
 </body>
</html>
