1817 3103
191 73 216 113 6
710 72 758 107 Μ.
784 71 943 106 TULLII
969 69 1222 105 CICERONIS
1807 0 1817 99 l

150 178 346 222 3nullane
379 188 438 221 est
470 181 686 221 adhibenda
719 179 899 221 curatio?
956 181 1094 219 Utrum
1128 180 1231 230 quod
1263 181 1392 219 minus
1425 187 1589 221 noceant
1620 183 1738 220 animi
1801 176 1817 235 j

156 229 477 293 5aegrotationes
510 253 625 292 quam
658 242 855 293 corporis,
888 252 935 279 an
968 239 1070 290 quod
1104 250 1267 289 corpora
1299 241 1427 278 curari
1459 242 1627 294 possint,
1659 241 1737 279 ani·
1805 229 1817 252 ‘³

192 312 344 339 morum
377 300 565 339 medicina
600 299 702 338 nulla
734 297 811 338 sit‘?
873 300 920 337 At
959 303 997 337 et
1035 296 1161 335 morbi
1193 299 1495 348 perniciosiores
1526 298 1737 350 pluresque
1800 348 1802 350 Ι

191 364 284 398 sunt
315 360 431 398 animi
464 371 578 410 quam
612 360 798 409 corporis.
861 356 942 395 lloc
973 356 1085 394 'enim
1122 356 1206 406 ipso
1246 355 1370 394 odiosi
1409 363 1517 410 sunt,
1557 357 1660 408 quod
1691 357 1738 396 ad
1816 369 1817 378 ¹

192 420 363 457 animum
404 419 602 469 pertinent
644 429 811 468 eumque
854 415 1079 465 sollicitant,
1128 411 1378 463 ‘animusque
1418 413 1555 464 aeqer'
1604 422 1647 455 ut
1687 418 1739 455 ait

192 477 341 516 Ennius
368 473 537 526 ‘semper
557 482 671 515 errat
697 488 823 524 neque
844 477 935 524 pale·
959 485 1086 521 neque
1106 476 1267 522 perpeti
1285 479 1431 522 potest:
1459 487 1606 524 cupere
1628 487 1738 514 num-

191 548 309 584 quam
336 532 505 574 desinit?
569 534 719 580 Quibus
752 533 904 573 duobus
937 532 1099 583 morbis,
1133 538 1175 570 ut
1207 533 1381 571 omittam
1414 532 1526 586 alios,
1568 535 1735 585 aegritu-

191 595 279 633 dine
313 600 352 633 et
384 594 607 645 cupiditate,
640 594 706 644 qui
739 592 894 631 tandem
927 598 1090 643 possunt
1122 593 1161 629 in
1195 603 1358 642 corpore
1393 604 1476 630 esse
1509 589 1740 643 graviores?

192 653 265 698 Qui
300 665 389 691 vero
422 652 579 704 probari
611 657 756 703 potest,
799 658 841 690 ut
880 650 953 689 sibi
994 650 1140 688 mederi
1179 651 1330 688 animus
1369 662 1445 689 non
1485 653 1618 703 possit,
1651 662 1740 690 cum

191 714 312 763 ipsam
345 712 576 750 medicinam
615 711 791 762 corporis
830 711 982 748 animus
1020 710 1213 747 invenerit
1251 721 1418 760 cumque
1451 709 1497 748 ad
1530 722 1740 761 corporum

190 771 431 809 sanationem
463 769 628 809 multum
667 771 749 821 ipsa
782 781 944 820 corpora
984 773 1022 807 et
1055 774 1191 806 natura
1224 767 1345 806 valeat
1377 780 1449 806 nec
1482 780 1634 821 omnes,
1673 769 1740 819 qui

190 831 318 868 curari
352 841 392 868 se
426 830 529 880 passi
561 830 650 880 sint,
682 829 867 867 continno
899 828 1014 866 etiam
1041 826 1323 878 convalescant,
1355 828 1472 865 animi
1498 833 1640 879 autem,
1673 828 1740 878 qui

190 901 230 927 se
271 890 398 927 sanari
438 888 629 926 voluerint
666 888 961 938 praeceptisque
1001 887 1235 937 sapientium
1274 887 1495 938 paruerint,
1541 887 1624 924 sine
1665 885 1740 924 ulla

155 946 431 986 fidubitatione
470 943 686 985 sanentur?
748 944 816 983 Est
853 945 1028 996 profecto
1076 945 1192 982 animi
1235 944 1443 996 medicina,
1487 944 1741 996 philosophia,

190 1007 302 1044 cuius
344 1005 530 1044 auxilium
572 1017 666 1056 non,
709 1009 750 1042 ut
787 1005 825 1041 in
867 1004 1042 1054 corporis
1077 1001 1240 1053 morbis,
1283 1002 1493 1053 petendum
1537 1007 1595 1042 'est
1636 1004 1741 1056 foris,

190 1064 449 1114 omnibusque
483 1063 622 1115 opibus
657 1062 815 1113 virIbus,
849 1068 891 1100 ut
924 1066 1077 1100 nosmet
1108 1061 1182 1112 ipsi
1215 1061 1326 1099 nobis
1359 1061 1505 1100 mederi
1532 1063 1740 1114 possimus,

190 1123 466 1162 elaborandum
518 1128 589 1161 est.
666 1121 908 1172 Quamquam
958 1120 1004 1159 de
1057 1121 1237 1158 universa
1287 1119 1547 1172 philosophia,
1597 1126 1741 1171 quanto

191 1194 308 1233 opere
343 1188 381 1220 et
413 1181 628 1220 exmetenda
662 1186 765 1219 esset
797 1185 835 1219 et
867 1179 1039 1232 colenda,
1074 1180 1177 1230 satis,
1211 1183 1253 1217 nt
1285 1178 1472 1232 arbitror,
1504 1179 1651 1218 dictum
1684 1185 1743 1218 est

192 1242 230 1279 in
269 1240 488 1279 Hortensio.
551 1240 604 1278 De
645 1240 833 1278 maxumis
872 1244 1002 1277 autem
1048 1237 1167 1276 rebus
1206 1237 1300 1276 nihil
1340 1238 1420 1276 sere
1460 1239 1743 1277 intermisimus

192 1305 324 1350 postea
358 1312 428 1338 nec
461 1299 659 1350 disputare
694 1310 764 1336 nec
798 1297 989 1348 scribere3
1031 1297 1091 1334 his
1130 1301 1258 1334 antem
1298 1289 1407 1335 libr'is
1446 1298 1620 1348 exposita
1651 1303 1744 1336 sunt

239 1425 331 1470 Kap.
364 1425 401 1460 3.
453 1428 484 1459 5.
537 1424 663 1459 Utrum
707 1423 823 1467 (sumt,-
873 1421 931 1456 die
1006 1421 1171 1456 Ribbeck
1204 1421 1269 1455 hat
1288 1423 1381 1465 poti,
1419 1421 1499 1456 eine
1532 1421 1607 1456 alte
1634 1422 1743 1456 Form

196 1473 312 1517 Frage
344 1472 435 1516 geht
468 1471 534 1506 auf
556 1475 575 1513 ξ
604 1475 619 1505 1
655 1471 837 1516 Quidnam
863 1479 933 1504 esse

190 1530 320 1554 causae
340 1523 462 1563 putem
490 1519 557 1554 cet.
585 1518 721 1552 zuriick
752 1517 827 1551 und
853 1517 932 1551 ent-

192 1566 272 1601 halt
303 1567 361 1601 die
395 1565 521 1600 zweite
555 1565 635 1600 eine
662 1565 830 1599 Antworl:
854 1563 932 1597 bie-

191 1613 300 1648 tende
315 1613 442 1658 Frage,
469 1613 552 1648 dem
579 1624 627 1647 cm
652 1612 747 1657 quod
772 1611 933 1655 corporis

194 1660 472 1705 entsprechend.

239 1708 289 1741 At
320 1710 351 1742 et
382 1708 513 1742 morbi:
546 1708 638 1741 statt
671 1706 734 1741 des
768 1707 930 1748 entspre-

192 1755 356 1789 chenden
384 1758 421 1789 'et
452 1755 548 1800 solgt
579 1755 642 1798 qui
671 1764 752 1788 ‘cero
778 1752 933 1796 probari

186 1805 310 1846 potest.
364 1802 506 1846 Vg1.11
544 1805 606 1843 26,
641 1805 683 1836 62
732 1801 933 1835 videmusne

191 1853 222 1883 et
247 1851 347 1893 apud
372 1860 469 1893 quos.
513 1848 565 1882 III
592 1853 646 1891 26,
674 1852 716 1882 63
745 1848 876 1891 Itaque
902 1849 933 1880 et

192 1897 394 1931 Aeschines.

238 1943 320 1978 Hoc
338 1944 432 1977 euim
451 1944 548 1987 ipso:
569 1941 628 1976 die
650 1940 933 1976 Geisteskrank-

192 1991 316 2025 heiten
343 1990 423 2025 sind
449 1990 613 2024 dadurch
646 1989 815 2033 fflstiger,
851 1987 930 2022 dass

192 2038 244 2072 sie
276 2037 354 2072 sich
386 2037 452 2072 auf
480 2037 550 2071 den
582 2036 730 2071 edleren
754 2035 834 2069 Teil
866 2035 929 2069 des

191 2085 405 2127 Menschen,
440 2084 511 2119 den
537 2084 640 2118 Geist
671 2082 857 2117 bezieheu.
886 2102 929 2105 —

191 2143 293 2176 aeqer
327 2132 401 2166 und
436 2131 624 2175 aeyrituclo
663 2130 820 2165 braucht
856 2128 928 2164 Cic.

190 2180 275 2214 teils
301 2190 371 2214 von
398 2176 790 2213 Geisteskrankheiten
823 2176 930 2210 iiber-

191 2227 326 2271 haupt,
354 2226 438 2261 teils
464 2237 536 2261 von
562 2225 626 2259 der
653 2222 930 2259 Bekfimmernis

192 2273 461 2308 insbesondere.
498 2271 671 2307 Daduroh
693 2272 836 2306 kommb
854 2270 934 2304 hier

193 2320 272 2355 eine
315 2320 468 2364 gewisse
513 2317 735 2354 Unklarheit
778 2317 815 2352 iu
859 2317 931 2352 den

196 2367 509 2411 Gedankengang.

239 2425 350 2459 ueque
363 2415 447 2458 pati
466 2424 575 2457 neque
593 2413 740 2457 perpeti.
768 2410 935 2446 Ribbeck

194 2463 237 2496 tr.
258 2462 387 2506 fragm.
411 2461 500 2495 Enn.
523 2473 555 2495 v,
570 2464 638 2495 360
665 2460 731 2494 hat
756 2459 826 2493 den
842 2458 934 2493 Vers

195 2520 234 2543 so
261 2508 500 2553 hergestellt:

195 2557 340 2590 sinimus
371 2561 472 2600 aeyer
502 2556 636 2598 semper
670 2558 783 2595 errat,
824 2554 934 2596 ue'que

519 2602 598 2646 poti
624 2612 732 2646 neque
752 2600 895 2644 perpeti

191 2651 288 2695 potis
313 2653 379 2693 est,
412 2679 418 2685 .
455 2679 461 2685 .
496 2677 502 2683 .
538 2676 544 2683 .
649 2676 656 2683 .
684 2649 809 2692 cupere
833 2657 935 2681 uum-

523 2707 631 2740 quam
655 2695 799 2731 desiuit.

192 2745 275 2789 pati
311 2744 386 2779 und
418 2744 559 2788 perpeti
598 2742 680 2778 sind
721 2740 934 2777 verbunden

196 2792 264 2827 wie
285 2792 317 2826 II
336 2795 355 2834 ξ
377 2795 420 2826 58
446 2795 478 2826 et
502 2792 594 2834 ferre
619 2793 650 2825 et
670 2789 820 2834 perpeti.
869 2787 935 2822 Die

195 2839 270 2874 alte
296 2839 425 2874 Poesie
451 2838 543 2874 lieb'c
579 2837 650 2872 den
677 2834 936 2879 Gleichklang.

1006 1468 1063 1503 fiir
1085 1469 1200 1512 potiri
1226 1468 1476 1512 geschrieben.

1048 1515 1202 1559 probari
1222 1519 1355 1559 potest:
1390 1519 1431 1550 ut
1463 1516 1557 1550 nach
1578 1515 1744 1560 probari,

1006 1563 1060 1597 als
1086 1562 1211 1596 wtirde
1245 1562 1309 1596 der
1335 1562 1462 1608 Erfolg
1493 1563 1593 1597 einer
1619 1562 1745 1597 Hand-

1006 1610 1111 1654 lung,
1143 1608 1246 1643 nicht
1272 1608 1336 1644 das
1364 1609 1500 1654 Objekt
1532 1609 1629 1644 eines
1657 1610 1743 1644 Ver-

1005 1657 1093 1691 bum
1138 1656 1321 1691 sentiendi
1370 1657 1603 1702 angegeben,
1652 1657 1748 1692 setzt

1007 1703 1078 1738 Cic.
1111 1716 1179 1738 nur
1216 1704 1310 1738 nach
1348 1704 1410 1748 qui
1440 1705 1594 1748 probari
1627 1707 1746 1748 potest

1006 1768 1049 1780 =
1075 1762 1149 1785 uon
1161 1752 1267 1795 prob.
1282 1754 1358 1795 pot.
1400 1751 1540 1786 Ebenso
1561 1751 1657 1796 folgt
1675 1762 1744 1786 nur

1005 1798 1100 1833 nach
1132 1809 1217 1832 uon
1247 1798 1436 1833 verisimile
1476 1802 1525 1833 est
1557 1798 1615 1833 die
1647 1798 1745 1833 Kon-

1003 1844 1177 1890 junktion
1202 1849 1251 1880 ut.
1289 1844 1333 1880 de
1359 1845 1418 1881 fin.
1447 1845 1479 1879 II
1506 1849 1562 1889 33,
1592 1847 1655 1880 108
1683 1846 1746 1890 qui

1006 1893 1045 1927 id
1077 1893 1232 1936 probari
1264 1896 1398 1936 potest,
1435 1896 1475 1927 ut
1512 1893 1544 1927 is
1582 1912 1626 1918 —-
1659 1893 1746 1937 plus

1007 1951 1113 1984 quam
1139 1950 1199 1984 eyo
1226 1940 1301 1984 ipse
1325 1940 1491 1984 yaudeat.

1050 1997 1202 2030 corpora
1233 1990 1264 2021 et
1296 1990 1450 2029 uatura,
1489 1986 1522 2022 d.
1550 1986 1571 2021 i.
1608 1989 1746 2022 ‘natura

1003 2044 1210 2077 corporum,
1248 2033 1307 2068 ein
1341 2031 1385 2068 ἓν
1418 2030 1481 2068 διὰ
1515 2035 1639 2078 δυοῖν,
1680 2033 1745 2068 das

1002 2080 1229 2115 namentlieh
1255 2080 1293 2114 in
1320 2081 1560 2125 Verbindung
1586 2082 1654 2115 mit:
1680 2092 1745 2115 ua-
1800 2089 1801 2092 ’

1003 2132 1087 2163 tura
1122 2127 1246 2172 haufig
1283 2128 1341 2163 ist.
1391 2140 1425 2172 p.
1453 2127 1487 2163 S.
1514 2129 1619 2162 Rosc.
1648 2131 1685 2171 4,
1721 2131 1740 2162 9

1003 2178 1140 2210 natura
1169 2176 1364 2219 pudorque.
1414 2174 1459 2209 de
1493 2175 1564 2220 leg.
1597 2185 1673 2219 agr.
1708 2174 1740 2208 ΙΙ

1004 2227 1035 2266 6,
1061 2226 1102 2256 14
1127 2232 1201 2256 nou
1222 2242 1263 2246 ψ
1285 2225 1422 2256 natura
1447 2233 1558 2266 neque
1577 2222 1742 2257 discidio.

1055 2274 1085 2304 6.
1125 2270 1288 2304 omuibus
1326 2270 1453 2313 opibus
1490 2269 1646 2312 viribus,
1688 2268 1747 2303 ein

1008 2316 1224 2361 Asyndeto'n
1249 2316 1442 2351 derselben
1467 2317 1535 2350 Art
1560 2315 1629 2350 wie
1655 2316 1670 2350 Ι
1692 2319 1747 2360 14,

1009 2368 1051 2398 31
1078 2364 1346 2408 sepulchrorum
1370 2366 1599 2398 monumenta
1621 2363 1746 2409 elogia.
1796 2386 1797 2403 2

1009 2411 1088 2446 Liv.
1110 2415 1166 2454 21,
1196 2414 1251 2455 46,
1278 2415 1299 2444 4
1325 2411 1464 2445 incessu
1489 2413 1540 2446 tot
1564 2410 1748 2445 homiuum
1796 2440 1797 2450 ,

1009 2468 1177 2503 equorum
1217 2459 1334 2492 oriens
1362 2458 1496 2501 pulvis.
1547 2460 1609 2500 22,
1636 2460 1700 2501 61,
1725 2461 1746 2491 3

1010 2517 1089 2540 cum
1114 2506 1255 2549 mayuis
1280 2506 1421 2548 fletibus
1445 2505 1625 2549 questibus
1653 2505 1746 2549 ἱερα-

1009 2556 1061 2588 tos
1087 2553 1135 2587 ad
1154 2555 1300 2596 portam
1321 2552 1503 2596 prosecuti
1526 2554 1621 2586 sunt.
1795 2554 1796 2559 ’

1055 2600 1227 2634 universa
1250 2600 1390 2643 philos„
1424 2598 1483 2633 die
1508 2598 1747 2643 Philosophie
1793 2632 1795 2637 ,

1009 2647 1060 2681 im
1081 2645 1338 2690 allgemeinen‚
1368 2645 1417 2680 IV
1438 2649 1492 2689 27,
1513 2648 1556 2680 59
1577 2645 1747 2680 universa

1003 2694 1242 2738 perturbatio.

1056 2740 1263 2783 Hortensio,
1290 2751 1315 2775 S.
1343 2752 1371 2774 z.
1398 2739 1430 2773 II
1456 2743 1488 2783 2,
1515 2743 1546 2774 4.
1795 2765 1798 2772 .

1055 2798 1118 2823 uec
1131 2788 1294 2828 seribere,
1308 2787 1470 2831 gemeint
1485 2785 1567 2821 sind
1579 2788 1746 2822 nament-
1791 2820 1792 2835 ,

1009 2834 1084 2870 lich
1117 2834 1176 2870 die
1207 2834 1258 2869 im
1282 2834 1374 2868 Jahr
1398 2834 1532 2869 vorher
1563 2833 1747 2879 geschrie·
1790 2847 1792 2854 s
