1790 3103
279 93 672 129 TUSCULANARUM
698 92 1095 127 DISPUTATIONUM
1122 93 1180 128 III.
1209 98 1357 129 65-70.
1535 93 1588 134 39

302 203 421 252 freno
453 208 616 253 repenle
647 202 756 242 tactu
790 202 1053 250 exayitantzir
1085 216 1205 248 novo,-

305 264 377 301 sed
407 261 484 301 lam
515 264 704 301 subactus
736 259 906 299 miseriis
938 261 1131 309 obto'rpui.

43 334 272 383 Defetigatio
304 334 422 383 igitur
455 334 698 370 miseriarum
730 330 992 381 aegritudines
1031 343 1118 369 cum
1159 331 1271 369 saciat
1310 332 1494 384 leniores,
1533 335 1587 372 in-

45 391 173 442 tellegi
206 403 365 429 necesse
398 396 458 429 est
490 403 565 429 non
599 402 680 429 rem
713 391 835 440 ipsam
867 401 1021 427 causam
1055 394 1169 440 atque
1202 390 1347 429 sontem
1374 403 1458 429 esse
1487 404 1586 430 mae-

41 452 154 490 roris.
217 449 439 500 Philosophi
485 451 625 488 summi
670 447 891 499 nequedum
937 453 1064 486 tamen
1110 450 1337 499 sapientiam
1385 452 1642 491 consecutics

44 520 170 548 nonne
202 507 432 558 intellegunt
463 510 501 546 in
534 519 684 546 summo
718 519 758 544 se
792 506 891 544 malo
924 504 1038 544 esse?
1089 506 1189 545 Sunt
1215 508 1317 545 enim
1345 509 1584 559 insipientes,

42 579 167 618 neque
209 568 430 618 insipientia
472 566 591 604 ullum
633 567 754 604 maius
796 564 938 603 malum
983 571 1055 616 est3
1103 577 1228 615 neque
1272 571 1398 604 tamen
1441 566 1584 617 lugent.
1645 599 1655 627 ‚¹

37 625 142 671 ‘Quid
184 623 262 664 ita?
312 626 400 676 quia
441 625 530 663 huic
571 625 705 675 generi
745 623 934 661 malorum
976 636 1051 661 non
1093 623 1301 675 adfingitur
1348 624 1410 663 illa
1452 626 1583 675 opinio
1638 629 1655 673 χζ’

40 690 191 723 rectum
224 696 308 722 esse
341 689 380 722 et
412 695 577 734 aequum
610 688 648 720 et
680 682 725 720 ad
759 683 928 720 officium
962 683 1158 733 pertinere
1191 695 1305 733 aegre
1334 683 1448 735 ferre,
1480 683 1583 734 quod
1641 641 1658 762 ἐ

38 744 193 794 sapiens
230 754 306 780 non
345 743 413 793 sis,
453 741 555 792 quod
594 741 695 779 idem
734 741 965 791 adfingimus
1003 741 1094 779 huic
1133 742 1384 793 aegritudini,
1426 743 1464 780 in
1508 754 1582 793 qua
1633 755 1649 793 3-

38 801 168 840 luctus
199 802 311 852 inest,
344 812 441 851 quae
476 801 648 838 omnium
681 811 857 838 maxuma
890 805 959 838 est.
1016 799 1148 850 ltaque
1176 800 1404 839 Aristoteles
1431 807 1582 840 veteres
1598 812 1639 843 69

37 858 288 911 philosophos
320 870 518 910 accusans,
551 860 618 909 qui
647 859 972 897 existimavissent
999 858 1281 909 philosophiam
1308 860 1388 897 suis
1415 861 1582 910 ingeniis

37 930 123 957 esse
154 917 385 969 perfectam,
427 919 478 956 ait
516 929 582 955 eos
620 922 686 955 aut
723 916 972 956 stultissimos
1011 923 1077 955 aut
1115 917 1416 968 gloriosissimos
1450 918 1582 969 fuisse,

37 976 105 1016 sed
137 988 178 1015 se
211 976 354 1028 videre,
386 975 488 1026 quod
522 977 656 1027 paucis
689 977 799 1014 annis
833 988 967 1026 magna
999 977 1170 1014 accessio
1201 976 1299 1015 sacta
1326 982 1441 1029 esset,
1473 976 1582 1015 brevi

37 1040 210 1086 tempore
244 1034 526 1086 philosophiam
565 1034 676 1085 plane
715 1034 927 1073 absolutam
966 1035 1059 1073 sore.
1122 1034 1414 1086 Theophrastus
1452 1041 1581 1074 autem

35 1095 207 1132 moriens
239 1106 442 1132 accusasse
476 1099 652 1132 naturam
683 1093 837 1145 dicitur,
870 1093 971 1144 quod
1000 1095 1125 1132 cervis
1152 1100 1190 1132 et
1215 1093 1438 1132 cornicibus
1464 1096 1580 1132 vitam

8 1151 269 1203 diuturnam,
302 1164 467 1202 quorum
501 1151 538 1190 id
572 1151 666 1190 nihil
698 1153 916 1203 interesset,
950 1151 1182 1204 hominibus,
1215 1165 1382 1203 quorum
1415 1155 1579 1191 maxime

33 1211 288 1261 interfuisset,
320 1216 398 1249 tarn
430 1212 606 1260 exiguam
633 1211 748 1249 vitam
781 1210 968 1248 dedisset:
1002 1223 1167 1261 quorum
1198 1213 1230 1249 si
1257 1216 1361 1250 aetas
1389 1213 1579 1262 potuisset

33 1280 118 1307 esse
151 1268 411 1320 longinquior,
444 1269 619 1307 futurum
646 1269 764 1307 fuisse
792 1274 835 1307 ut
862 1268 1040 1307 omnibus
1068 1270 1251 1320 perfectis
1278 1269 1439 1320 artibus,
1475 1272 1580 1308 omni

31 1327 208 1366 doctrina
242 1327 442 1366 hominum
477 1329 551 1365 vita
583 1327 816 1366 erudiretur.
877 1326 1123 1372 Querebatur
1149 1330 1269 1378 igitur
1296 1341 1336 1366 se
1363 1334 1457 1380 tum,
1490 1341 1578 1367 cum

34 1385 98 1424 illa
124 1385 254 1424 videre
282 1387 489 1438 coepisset,
521 1387 726 1437 exstingui.
777 1383 906 1431 Quid?
938 1398 984 1424 ex
1011 1388 1153 1425 ceteris
1180 1386 1420 1438 philosophis
1450 1399 1577 1426 nonne

23 1449 215 1496 <optumus
254 1450 292 1483 et
329 1446 580 1495 gravissimus
619 1446 785 1495 quisque
824 1444 1032 1483 confitetur
1077 1445 1196 1484 multa
1235 1458 1275 1484 se
1320 1447 1499 1496 ignorare
1540 1453 1577 1485 et

33 1502 153 1542 multa
186 1503 259 1542 sibi
291 1505 406 1542 etiam
445 1509 559 1554 atque
598 1505 713 1542 etiam
746 1515 830 1541 esse
863 1501 1074 1542 discenda?
1135 1504 1269 1555 Neque
1302 1510 1448 1557 tamen,
1487 1517 1576 1543 cum
1592 1516 1635 1546 70

29 1573 73 1600 se
104 1563 144 1600 in
176 1561 299 1600 media
333 1562 507 1614 stultitia,
539 1574 615 1613 qua
640 1561 735 1600 nihil
762 1568 820 1600 est
846 1563 968 1614 peius,
1000 1562 1161 1601 haerere
1187 1563 1426 1615 intellegant,
1454 1565 1574 1615 aegri<

78 1723 131 1756 68.
157 1722 385 1765 sapientiam,
404 1722 565 1756 niimlich
585 1722 679 1757 nach
699 1722 764 1757 der

28 1766 146 1802 Lehre
172 1768 236 1803 der
256 1768 412 1812 Stoiker,
437 1769 576 1803 welche
601 1769 763 1814 behaup-

27 1815 145 1859 tehen,
184 1814 261 1850 dass
293 1815 356 1850 das
388 1815 489 1850 Ideal
521 1816 583 1851 des
613 1816 764 1851 Weisen

28 1861 237 1906 fiberhaupt
279 1872 351 1897 von
390 1862 561 1897 niemand
605 1863 764 1898 erreicht

28 1908 91 1944 sei.
128 1907 162 1942 S.
177 1920 220 1943 zu
233 1908 265 1943 II
280 1913 335 1952 22,
350 1912 404 1944 51.
441 1910 546 1945 Nach
566 1910 628 1945 der
648 1911 762 1945 stren-

21 1955 274 2037 {fightgililggn
297 1956 762 2048 ἓξὲοξοξέἑῖϋὲἰιζῗῗοὴλῃθ

73 2049 206 2091 luctus,
237 2049 317 2084 hier
348 2050 386 2084 in
417 2051 535 2086 seiner
561 2051 761 2096 speciellen

26 2095 262 2141 Bedeutung:
324 2097 462 2132 Trauer
516 2098 605 2133 uber
654 2099 760 2133 einen

27 2141 223 2178 Todesfall.

0 2194 1 2256 l
74 2193 129 2224 69.
155 2189 376 2233 Aristoteles,
402 2203 427 2226 s.
455 2204 482 2226 z.
510 2191 525 2224 Ι
551 2196 583 2233 4,
611 2196 642 2226 7.
691 2191 759 2226 Die

23 2236 141 2271 stelle
168 2237 274 2271 stand
294 2237 599 2272 wahrscheinlich
618 2238 657 2271 in
677 2239 759 2273 dem

0 2270 1 2304 l
26 2283 239 2318 verlorenen
282 2283 436 2329 Dialoge
486 2285 570 2327 περὶ
613 2287 759 2329 φιλοσο-

26 2331 125 2373 φίας.
175 2330 240 2365 Bei
271 2331 341 2366 den
373 2332 472 2366 alten
498 2331 758 2376 Philosophen,

0 2407 1 2413 ,
26 2377 165 2412 welche
191 2377 268 2412 sich
294 2377 530 2420 einbildeten,
556 2379 615 2413 die
634 2378 758 2414 Philo-

25 2423 153 2468 sophie
179 2424 368 2460 vollendet
393 2437 436 2459 zu
461 2425 598 2467 haben,
627 2426 758 2461 dachte

25 2469 243 2506 Aristoteles
274 2471 472 2506 besonders
512 2483 557 2507 an
588 2472 760 2508 Heraklit

26 2517 99 2552 und
123 2517 180 2553 die
202 2518 366 2561 Eleatem
398 2518 473 2553 ihm
501 2520 615 2554 selbst
639 2519 759 2555 flosste

25 2562 89 2598 der
125 2565 391 2610 Aufschwung,
435 2566 506 2600 den
542 2567 600 2601 die
634 2567 756 2602 Philo-

24 2611 148 2655 sophie
197 2612 268 2647 seit
315 2613 488 2648 Sokrates
537 2624 757 2658 genommen

24 2622 138 2703 hatte,
164 2658 262 2694 diese
286 2659 410 2694 kiihne
437 2659 623 2705 Hoffnung
648 2661 716 2695 ein.

25 2749 69 2784 D
75 2685 191 2750 Th’eop
192 2706 348 2748 hrastus,
367 2719 394 2742 s.
411 2719 438 2741 z.
459 2707 475 2740 Ι
492 2711 544 2750 19,
559 2711 614 2741 45.
651 2707 756 2743 Nach

59 2761 121 2796 103

23 2799 69 2831 85
89 2763 178 2834 Jgahr
203 2799 257 2834 alt
275 2800 394 2835 starb:
416 2797 526 2857 ἡμεῖς
550 2814 621 2845 γαρ
648 2798 753 2836 ὅποτ’

22 2839 221 2890 ἀρχόμεθα
246 2846 323 2892 ζῆν,
348 2844 425 2882 τότ’
454 2844 755 2893 ἀποθνήσκομεν.

158 2752 277 2788 Laert.
304 2752 337 2787 V
362 2757 405 2788 41
430 2755 537 2810 sagte
563 2765 612 2797 61,
638 2754 692 2789 als
718 2765 756 2789 er
805 2765 815 2775 ·

838 1721 1053 1766 Vergleiche
1079 1722 1247 1768 dagegen
1273 1723 1342 1758 den
1364 1724 1572 1768 Ausspruch

836 1769 1010 1813 Sallusts,
1045 1769 1127 1814 Jug.
1155 1770 1170 1803 Ι
1205 1770 1299 1812 falso
1336 1772 1499 1815 queritur
1529 1771 1572 1806 de

834 1820 971 1851 natura
994 1827 1062 1851 saa
1091 1827 1202 1861 yenus
1234 1818 1448 1860 hmnamaem,
1479 1819 1574 1862 quod

834 1864 1010 1898 imbecilla
1036 1867 1140 1908 atque
1165 1864 1243 1898 aevi
1268 1865 1382 1899 brevis
1409 1866 1477 1900 cet.

881 1911 992 1945 cervis
1017 1914 1048 1945 et
1073 1911 1285 1945 cornicibus.
1314 1912 1347 1946 S.
1364 1913 1421 1946 z.I
1443 1916 1498 1955 31,
1515 1916 1569 1947 77.

835 1956 927 1992 Vom
960 1957 1090 1992 Hirsch
1127 1957 1331 2003 behauptet
1369 1958 1428 1993 die
1462 1959 1570 2004 Sage,

832 2015 871 2038 er
896 2004 1016 2039 werde
1042 2008 1111 2039 400
1144 2005 1254 2040 Jahre
1286 2005 1340 2040 alt
1370 2005 1444 2040 und
1475 2006 1570 2041 noch

833 2051 936 2086 alter.

874 2099 1043 2142 perfectis
1068 2100 1208 2134 artibus
1234 2099 1282 2133 ist
1296 2099 1416 2134 Ablat.
1439 2099 1564 2142 absol„

834 2145 943 2179 ‘nach
954 2144 1222 2191 vollst'andiger
1230 2146 1462 2191 Ausbildung
1475 2147 1567 2181 aller

832 2191 1174 2228 Wissenschaften’.

879 2240 984 2273 etiam
1009 2243 1114 2283 atque
1139 2241 1263 2282 etiam;
1299 2240 1378 2275 hier
1402 2239 1506 2275 nicht
1530 2240 1568 2275 in

831 2285 914 2320 dem
946 2285 1226 2330 gew6hnlichen
1259 2286 1369 2321 Sinne
1401 2298 1472 2322 von
1505 2289 1567 2323 ite-

831 2344 911 2367 rum
937 2337 1041 2377 atque
1066 2334 1214 2376 iterum,
1241 2334 1395 2369 sondern
1424 2335 1569 2370 ‘immer

831 2380 933 2414 mehr
970 2380 1045 2414 und
1082 2381 1200 2424 mehr,
1239 2380 1276 2415 in
1315 2381 1432 2417 einem
1464 2381 1566 2417 fort’.

831 2427 878 2461 ad
909 2426 994 2462 fam.
1022 2427 1071 2461 VI
1097 2431 1158 2471 22,
1188 2433 1204 2462 1
1235 2428 1320 2463 haec
1350 2440 1567 2473 quamquam

831 2474 944 2508 nihilo
987 2475 1135 2509 meliora
1177 2478 1279 2517 sunt,
1323 2487 1421 2510 nunc
1461 2477 1565 2510 etiam

831 2524 936 2565 atque
962 2522 1067 2556 etiam
1092 2522 1202 2556 multo
1228 2523 1485 2566 desperatior-a,
1513 2526 1565 2557 ta—

827 2578 906 2602 men
930 2569 1057 2603 inanes
1082 2579 1151 2603 esse
1175 2579 1270 2603 meas
1295 2570 1434 2604 litteras
1457 2581 1565 2614 quam

827 2615 948 2650 nullas
984 2616 1108 2650 malui.
1158 2616 1208 2650 Ib.
1236 2616 1321 2650 XVI
1348 2620 1366 2650 7
1405 2627 1495 2651 cura
1526 2621 1565 2650 ut

827 2662 947 2697 valeas
995 2663 1101 2697 etiam
1151 2666 1255 2707 atque
1300 2664 1425 2705 etiam,
1480 2662 1564 2697 Tiro

826 2712 955 2744 noster.

876 2759 929 2791 70.
961 2756 1120 2797 haerere,
1160 2755 1342 2800 befangen
1377 2756 1464 2790 sein.
1516 2755 1560 2790 de

827 2802 885 2836 fin.
913 2803 947 2836 II
973 2806 1033 2844 32,
1064 2806 1127 2837 106
1166 2806 1205 2837 tu
1234 2806 1327 2837 totus
1362 2803 1484 2837 haeres
1521 2803 1561 2838 in

827 2859 982 2893 corpore.
