1790 3103
268 85 659 122 TUSCULANARUM
684 86 1083 122 DISPUTATIONUM
1110 89 1169 123 111.
1197 92 1344 123 81-84.
1523 86 1576 127 47

39 208 128 237 nam
172 203 211 236 et
247 196 420 235 invidere
459 196 710 248 aegritudinis
749 202 825 248 est,
870 202 907 234 et
948 196 1132 235 aemulari
1178 204 1216 236 et
1260 198 1497 248 obtrectare,
1541 202 1579 235 et

38 256 214 296 misereri
249 261 287 294 et
319 256 424 307 angi,
456 255 588 307 lugere
621 267 795 294 maerere
828 266 1010 293 aerumna
1045 254 1173 306 adfici,
1206 255 1407 294 lamentari
1439 255 1576 295 sollici-

38 314 112 354 tari
143 313 292 364 dolere,
324 315 362 352 in
396 313 569 352 molestia
602 326 687 352 esse
721 313 907 352 adflictari
940 312 1158 363 desperare.
1221 313 1322 351 Ilaec
1357 316 1482 352 omnia
1515 314 1578 353 de·
1593 322 1638 354 84

38 372 178 411 finiunt
204 371 336 424 Stoici,
369 384 489 423 eaque
517 371 645 424 verba,
677 384 773 423 quae
801 372 890 422 dixi,
923 371 1163 422 singularum
1191 384 1322 410 rerum
1351 379 1451 423 sunt,
1489 385 1580 424 non,

36 435 82 470 ut
111 429 304 482 videntur,
335 430 490 469 easdem
523 443 586 469 res
619 430 846 482 significant,
878 429 944 468 sed
978 429 1120 480 aliquid
1148 429 1343 481 differunt,
1376 430 1477 480 quod
1505 431 1577 469 alio

37 488 122 528 loco
160 488 323 528 sortasse
362 488 624 528 tractabimus.
686 488 789 527 Haec
828 494 920 527 sunt
958 487 1043 527 illae
1083 487 1200 527 fibrae
1247 489 1443 539 stirpium,
1483 501 1577 539 quas

36 548 146 586 initio
191 547 287 598 dixi,
331 547 624 599 persequendae
668 554 706 586 et
749 559 884 586 omnes
929 546 1144 598 eligendae,
1188 559 1235 585 ne
1277 559 1461 597 umquam
1503 547 1578 585 ulla

35 607 160 657 possit
186 607 386 645 exsistere.
448 606 627 657 Magnum
655 618 752 657 opus
779 612 817 644 et
843 605 1009 657 difficile,
1042 607 1129 656 quis
1155 603 1298 657 negat?
1331 605 1422 656 quid
1450 612 1578 644 autem

36 664 278 716 praeclarum
312 676 388 703 non
421 665 522 703 idem
555 662 750 703 arduum?
787 664 854 703 sed
894 670 1020 702 tamen
1054 663 1091 702 id
1126 676 1165 702 se
1200 664 1424 703 effecturam
1457 663 1577 715 philo-

36 722 171 774 sophia
202 723 425 774 prosstetur,
463 735 533 762 nos
572 722 684 761 modo
725 724 966 762 curationem
1005 724 1088 761 eius
1126 725 1372 774 recipiamus.
1435 722 1578 762 Verum

33 780 130 820 haec
162 781 317 833 quidem
349 781 555 820 hactenus:
594 788 722 820 cetera
762 783 1112 833 quotienscumque
1145 781 1280 820 voletis
1320 787 1358 820 et
1389 781 1461 820 hoc.
1494 781 1578 820 loco

39 845 77 878 et
108 839 192 879 aliis
223 845 354 891 parata
387 839 494 878 vobis
526 846 652 879 erunt.

81 955 112 987 et
143 953 302 988 invidere
333 953 572 998 aeyritudinis
603 956 669 996 est,
705 953 770 988 der
890 957 945 988 84.
972 954 1150 996 definiunt
1170 952 1294 995 Stoici,
1321 964 1346 987 s.
1368 952 1417 986 IV
1437 956 1469 997 8,
1493 957 1532 988 17
1554 952 1577 988 f.

33 998 128 1034 Neid
177 999 226 1034 ist
275 999 356 1034 eine
399 1000 508 1035 Form
556 1000 620 1035 des
657 1000 767 1034 Kum·
887 1000 1049 1042 fortasse.
1102 1000 1134 1035 S.
1163 1000 1302 1042 Ein1.§
1331 1003 1383 1034 10.

34 1057 145 1089 mers;
190 1047 254 1081 der
291 1045 374 1081 Satz
410 1046 530 1082 bildet
565 1047 623 1082 ein
662 1046 769 1082 Glied
887 1048 972 1082 haec
997 1047 1051 1082 als
1077 1047 1308 1082 Femininum
1334 1046 1466 1091 plural.
1495 1058 1522 1081 s.
1549 1059 1577 1083 z.

32 1092 91 1127 fiir
127 1093 221 1137 sich,
265 1093 347 1128 dem
392 1094 469 1129 sich
507 1094 595 1129 zwei
632 1105 696 1129 aus
729 1094 767 1139 je
840 1094 981 1136 1522.

33 1139 123 1174 zwei
152 1140 203 1175 Be
253 1139 336 1174 'ffen
368 1140 591 1176 bestehende
621 1141 768 1176 Glieder
891 1141 988 1186 Quid
1014 1145 1130 1176 autem
1153 1142 1306 1186 praecL,
1333 1141 1397 1175 das
1423 1140 1578 1185 griechi-

34 1187 197 1222 anschlie
214 1197 292 1230 sen,
343 1188 417 1222 und
469 1187 588 1223 dieser
630 1198 768 1233 ganzen
842 1188 926 1223 sche
959 1187 1185 1244 Sprichwort
1223 1185 1364 1233 χαλεπὰ
1407 1186 1450 1222 τὰ
1484 1185 1577 1222 καλά

32 1233 148 1268 Reihe
179 1234 278 1268 steht:
308 1234 388 1269 eine
419 1234 547 1270 zweite
573 1237 767 1280 entgegen,
842 1235 930 1270 oder
955 1236 1117 1270 ὃυσκολα
1142 1233 1186 1269 τὰ
1213 1232 1319 1270 καλά.

33 1279 92 1315 die
117 1279 254 1316 wieder
277 1280 314 1316 in
342 1281 418 1316 drei
444 1292 510 1316 aus
531 1281 569 1326 je
598 1281 675 1316 drei
700 1282 767 1317 Be-
887 1283 951 1317 hoc
989 1283 1080 1325 loeo,
1117 1282 1154 1316 in
1187 1282 1250 1317 der
1280 1281 1482 1316 Akademie
1513 1281 1578 1316 des

33 1326 162 1372 griffen
187 1327 411 1363 bestehende
439 1328 587 1364 Glieder
612 1328 766 1364 zerfatllt.
841 1329 1107 1364 Tusculanums
1134 1342 1160 1364 s.
1188 1333 1219 1374 3,
1249 1333 1277 1364 7.
