1790 3103
152 78 208 119 88
675 77 724 113 Μ.
753 77 914 113 TULLII
940 77 1193 114 CICERONIS
1718 74 1733 83 ⁶
1748 96 1757 120 ,Ι

155 187 257 233 Quid
290 184 412 237 ergo?
450 187 513 226 hic
546 199 654 226 amor
693 187 851 226 Medeae
891 194 1033 238 quanta
1072 188 1318 226 miseriarum
1358 189 1540 227 excitavit
1578 190 1710 228 incen-

154 245 232 284 dia!
295 245 421 296 Atque
464 258 508 284 ea
549 251 679 285 tamen
721 247 822 298 apud
863 246 981 285 alium
1019 250 1174 297 poetam
1212 247 1313 297 patri
1352 246 1483 285 dicere
1522 247 1639 286 audet
1670 259 1712 285 se

153 305 359 355 coniugem
392 304 575 343 habuisse

214 368 347 435 lllum,
375 389 497 427 Amor
522 399 637 436 quem
663 386 848 434 dederat,
881 389 952 434 qui
977 389 1068 435 plus
1096 387 1220 436 pollet
1246 390 1459 436 potiorque
1491 387 1550 426 e'st
1577 393 1709 437 patre.

275 469 350 508 Sed
384 474 518 520 poetas
557 469 691 508 ludere
731 470 921 520 sinamus,
967 480 1135 519 quorum
1180 468 1320 507 sabulis
1364 471 1404 507 in
1448 469 1522 507 hoc
1566 469 1711 520 flagitio

155 529 303 566 versari
340 529 468 579 ipsum
508 527 686 566 videmus
723 527 870 565 Iovem:
915 527 960 565 ad
1006 528 1214 578 magistros
1259 528 1416 566 virtutis
1460 527 1713 579 philosophos
1769 569 1770 573 ,

155 587 374 637 veniamus,
416 588 482 636 qui
524 598 696 624 amorem
738 591 880 636 negant
922 587 1048 636 stupri
1087 598 1172 624 esse
1212 592 1251 625 et
1288 587 1328 624 in
1361 598 1406 624 eo
1439 585 1592 637 litigant
1623 599 1714 625 cum

154 644 327 696 Epicuro
370 657 447 682 non
489 644 673 697 multum,
714 650 757 682 ut
798 645 929 695 opinio
971 656 1055 682 mea
1100 645 1193 696 fert,
1236 646 1461 683 mentiente.
1525 644 1621 690 Quis
1653 650 1714 683 est
1770 648 1771 657 ¹

156 704 259 741 enim
292 704 365 741 iste
400 715 507 741 amor
539 701 760 742 amicitiae?
792 716 864 741 cur
890 715 1018 754 neque
1046 703 1261 741 deformem
1289 703 1580 742 adulescentem
1608 704 1713 754 quis·
1771 701 1772 706 ’

156 773 272 812 quam
305 767 406 800 amat
438 774 565 813 neque
601 762 815 800 formosum
849 760 1012 800 senem?
1073 761 1165 799 Mihi
1199 762 1358 813 quidem
1396 762 1491 800 haec
1523 763 1562 800 in
1596 761 1714 800 Grae-

158 832 295 858 corum
328 822 537 871 gymnasiis
570 826 658 859 nata
692 821 934 859 consuetudo
968 821 1140 872 videtur,
1179 822 1217 858 in
1252 821 1394 871 quibus
1428 822 1493 860 isti
1531 820 1646 859 liberi
1677 825 1717 858 et
1774 856 1775 862 ,

158 881 335 917 concessi
369 885 460 918 sunt
493 891 656 918 amores.
720 879 823 917 Bene
858 892 950 929 ergo
984 879 1153 917 Ennius:

276 948 429 998 Flciye'li
453 947 703 998 principium
736 954 792 987 est
824 950 984 986 nudare
1017 947 1122 986 inter
1156 949 1260 986 cives
1293 948 1479 997 edrpora.

100 1043 143 1075 71
159 1029 235 1075 Qui
266 1036 310 1068 ut
342 1031 438 1082 sint,
472 1030 577 1081 quod
604 1030 689 1068 fieri
714 1042 830 1080 posse
859 1029 986 1081 video,
1020 1029 1169 1080 pudici,
1201 1029 1357 1068 solliciti
1384 1035 1513 1068 tamen
1546 1036 1585 1068 et
1615 1032 1720 1069 anxii

161 1094 253 1128 sunt
285 1101 410 1139 eoque
443 1090 584 1140 magis,
618 1088 721 1138 quod
755 1101 795 1127 se
827 1089 902 1139 ipsi
935 1089 1138 1126 continent
1171 1093 1210 1126 et
1241 1092 1437 1126 coercent.
1499 1088 1645 1139 Atque,
1677 1095 1723 1127 ut

159 1147 374 1186 muliebres
407 1160 560 1186 amores
594 1148 786 1198 omittam,
827 1146 970 1198 quibus
1003 1148 1191 1185 maiorem
1228 1146 1425 1185 licentiam
1459 1153 1599 1185 natura
1630 1159 1722 1186 con-

158 1208 294 1258 cessit,
328 1208 414 1256 quis
448 1212 514 1245 aut
547 1205 594 1244 de
628 1205 840 1256 Ganymedi
873 1212 987 1256 raptu
1021 1205 1173 1244 dubitat
1206 1205 1298 1255 quid
1331 1209 1469 1256 poetae
1502 1205 1623 1245 velint
1654 1211 1721 1244 aut
1756 1248 1759 1251 ,

158 1277 237 1303 11011
269 1265 460 1315 intellegit
493 1265 585 1315 quid
625 1264 728 1316 apud
761 1264 990 1316 Euripidem
1030 1272 1068 1303 et
1105 1264 1288 1314 loquatur
1328 1269 1366 1303 et
1405 1265 1537 1314 cupiat
1574 1262 1721 1303 Laius?

159 1378 229 1412 dea
255 1378 358 1420 exul,
398 1391 424 1412 s.
452 1377 620 1412 Ribbeck
640 1379 684 1412 tr.
705 1378 768 1413 rel.
791 1389 826 1422 p.
848 1382 903 1412 40.

158 1424 271 1459 ι1116011
304 1426 406 1469 sagte
440 1424 498 1459 die
525 1424 653 1459 Worte
690 1436 733 1458 zu
762 1425 904 1468 Medea,

159 1472 216 1506 als
248 1453 366 1506 cliese³³
380 1472 459 1506 ihre
486 1471 706 1506 Verdienste
741 1483 802 1506 um
837 1454 904 1506 ibn,

158 1518 318 1554 rfihmte.
366 1518 800 1575 Vg1.Eurip.Medea
837 1523 905 1553 530

151 1562 271 1622 ’Ἑρως
298 1563 331 1600 σ’
355 1562 543 1610 ἠνάγκασε
569 1564 701 1607 Τόξοις
721 1562 904 1610 ἀφύκτοις

159 1609 300 1658 τούμὸν
328 1611 489 1648 ἐκσῶσαι
516 1610 641 1656 δέμας.

207 1661 438 1695 itzwseriaouni
474 1679 518 1684 -
551 1660 731 1695 incendia.
783 1659 860 1694 Cat.
889 1661 904 1693 I

163 1711 217 1751 11,
244 1711 288 1742 29
315 1718 364 1742 an
390 1718 469 1742 eum
490 1707 577 1741 bello
597 1707 802 1742 vastabitur
822 1708 849 1740 Ι
851 1711 904 1742 ta-

161 1755 213 1789 lia
239 1775 283 1779 —
318 1758 394 1789 tum
427 1758 457 1788 te
488 1764 562 1788 non
593 1754 778 1788 existimas
810 1755 904 1788 ini-i—

162 1802 244 1836 (liae
269 1802 437 1836 incendio
464 1802 785 1845 conflayraturum.

209 1849 323 1883 alium
342 1852 498 1892 poetam.
549 1848 717 1882 Ribbeck
734 1847 776 1882 R.
794 1848 905 1893 Trag.

161 1907 196 1940 p.
226 1900 294 1930 324
321 1896 427 1929 weist
458 1895 528 1930 den
554 1895 646 1929 Vers
679 1895 743 1929 (161·
774 1894 905 1930 Medea

162 1943 225 1977 des
257 1942 440 1976 Pacuvius
473 1954 532 1985 zu,
573 1953 629 1976 wo
664 1942 741 1976 sich
774 1942 905 1976 Medea

160 1989 280 2024 ihrem
294 1989 408 2023 Vater
426 1988 639 2033 gegeniiber
658 1988 906 2034 rechtfertigt‚

162 2036 242 2070 dass
269 2036 320 2071 sie
346 2036 412 2070 ihn
438 2035 624 2070 verlassen
649 2036 756 2071 habe.

209 2083 302 2127 Kap.
325 2082 388 2119 33.
429 2087 483 2117 70.
506 2093 660 2117 amorem
681 2086 816 2127 nessant
837 2084 903 2117 cet.

163 2129 210 2164 So
243 2130 350 2164 Plato
388 2130 463 2164 und
502 2129 560 2164 die
595 2128 751 2164 Stoiker.
803 2129 902 2164 Stob.

164 2177 230 2212 ecl.
257 2178 290 2211 II
316 2189 350 2221 p.
379 2181 446 2212 118
472 2174 538 2211 τὸν
565 2175 606 2211 δὲ
637 2173 814 2233 ἐρωτικὸν
841 2176 905 2211 καὶ

163 2225 247 2279 διχῇ
273 2223 452 2268 λέγεσθαι
478 2220 544 2258 τὸν
571 2222 640 2268 μὲν
660 2221 744 2258 κατ’
767 2220 905 2268 αρετὴν

162 2269 273 2305 ποιὸν
294 2272 500 2329 σπουδαῖον
521 2267 631 2312 ὅντα,
659 2268 723 2305 τὸν
743 2269 784 2305 δὲ
806 2269 902 2305 κατὰ

163 2318 301 2352 κακίαν
333 2315 374 2352 ἕν
400 2315 507 2363 ψόγῳ
535 2314 584 2357 ὡς
610 2315 657 2352 &lv
685 2315 902 2362 ἕρωτομανῆ

162 2378 258 2399 τινα.
294 2365 489 2409 Wogegen
509 2364 652 2408 Epikur
672 2365 817 2399 iiberall
837 2378 905 2399 nur

163 2411 223 2446 die
244 2411 423 2446 sinuliche
438 2411 530 2445 Lusi]
544 2412 602 2445 fiir
623 2411 682 2446 die
702 2416 904 2456 ursprting-

162 2458 260 2494 liche
286 2458 361 2493 und
386 2458 450 2493 der
476 2458 660 2503 geistigen
686 2471 731 2492 zu
757 2459 905 2494 Grunde

162 2505 332 2550 liegende
359 2505 508 2540 erkl'art
560 2505 643 2540 Wie
663 2505 787 2540 hohen
800 2506 907 2541 Wert

164 2563 204 2587 er
247 2552 362 2587 daher
405 2553 499 2587 auch
538 2552 601 2587 der
638 2552 908 2588 Freundschaft

162 2599 320 2644 beilegt,
354 2599 413 2634 die
439 2600 553 2634 Liebe
580 2599 750 2634 definiert
782 2611 820 2635 61
851 2600 906 2634 als

164 2645 342 2685 σύντονος
374 2644 495 2689 ὄρεξις
526 2643 769 2691 ἀφροδισίων,
821 2647 904 2691 Vgl.

162 2694 271 2729 Lucr.
297 2692 349 2727 IV
379 2697 480 2729 1058

211 2752 286 2776 non
327 2741 480 2775 multum
519 2761 561 2765 —
599 2741 804 2783 mentiente,
842 2739 907 2775 der

163 2788 239 2823 fast
266 2787 324 2822 die
350 2786 548 2822 Wahrheit
574 2789 668 2831 sagt.

212 2836 253 2870 in
291 2834 512 2881 Gymnasiis.
569 2834 806 2880 Wenigstens
843 2834 905 2870 be-

979 1376 1142 1412 forderte
1177 1377 1240 1411 der
1272 1377 1361 1412 freie
1388 1377 1556 1412 Vei-kehr
1587 1377 1626 1412 in
1657 1378 1723 1412 der

979 1424 1147 1459 Palttstra
1167 1424 1241 1458 und
1263 1423 1327 1458 der
1340 1423 1501 1459 Anblick
1522 1424 1585 1459 der
1605 1424 1718 1459 nack-

979 1473 1042 1506 ‘ten
1068 1471 1211 1515 Korper
1239 1471 1424 1516 derartige
1452 1471 1719 1507 Verhaltnisse.

1026 1518 1189 1553 Ennius.
1250 1519 1326 1552 Aus
1365 1518 1545 1552 welchem
1585 1518 1721 1553 Stficke

979 1565 1044 1600 der
1070 1565 1162 1600 Vers
1187 1565 1255 1608 ist,
1288 1565 1337 1599 ist
1360 1565 1588 1600 unbekannt.
1638 1564 1723 1600 Wie

980 1614 1106 1657 sti-eng
1126 1612 1185 1647 die
1205 1612 1342 1647 Romer
1361 1612 1400 1646 in
1421 1612 1558 1647 diesem
1575 1613 1721 1648 Punkte

979 1659 1158 1704 (laomen,
1197 1658 1295 1704 zeigt
1333 1659 1378 1693 de
1418 1659 1478 1694 off.
1510 1660 1526 1693 I
1558 1663 1620 1703 35,
1655 1663 1721 1694 1223

977 1710 1098 1741 nostro
1125 1707 1266 1751 quidem
1292 1717 1386 1741 more
1410 1717 1490 1741 eum
1503 1707 1723 1750 parentibus

972 1754 1127 1798 puberes
1144 1754 1234 1797 filii,
1260 1764 1340 1788 eum
1359 1754 1490 1788 soceris
1509 1755 1632 1798 §teneo-i
1649 1764 1723 1789 non

978 1802 1161 1836 lavantur.

1028 1848 1118 1892 Qui:
1162 1858 1226 1882 aus
1270 1848 1354 1882 dem
1392 1848 1722 1893 vorhergehenden

979 1905 1079 1929 anim
1082 1905 1115 1929 es
1146 1894 1280 1929 musste
1318 1906 1404 1929 man
1442 1895 1520 1930 sich
1558 1898 1720 1930 amantes

979 1945 1171 1986 eig'anzen.
1224 1933 1321 1976 Uber
1353 1942 1452 1976 sliese
1488 1942 1621 1977 freiere
1654 1942 1721 1976 Be—

978 1988 1138 2033 ziehung
1163 1989 1227 2022 des
1254 1989 1463 2023 Pronomen
1489 2000 1516 2023 S.
1543 2002 1572 2023 z.
1600 1993 1656 2032 21,
1677 1993 1721 2024 48

977 2036 1239 2080 gylacliatorium
1277 2055 1320 2060 —-
1360 2037 1401 2070 in
1437 2037 1485 2070 iis
1522 2036 1622 2080 ipsis.
1674 2035 1719 2070 de

979 2093 1052 2116 sen.
1089 2087 1126 2125 3,
1165 2087 1182 2117 7
1226 2093 1330 2127 saepe
1371 2084 1527 2126 interfui
1568 2084 1722 2128 querelis

978 2130 1185 2173 aequalium
1210 2140 1367 2164 meorum
1393 2150 1455 2171 —,
1482 2141 1573 2174 quae
1594 2129 1630 2165 O.
1652 2130 1721 2165 Sa-

979 2177 1115 2211 linator
1135 2197 1178 2201 —
1199 2177 1386 2220 deplorare
1411 2178 1581 2212 solebant.
1631 2177 1720 2212 Sall.

979 2222 1058 2258 Cat.
1088 2227 1142 2267 18,
1170 2228 1187 2257 1
1214 2224 1275 2258 sed
1300 2227 1407 2259 antea
1436 2225 1519 2259 item
1550 2225 1720 2259 coniura-

976 2281 1053 2305 vere
1073 2272 1191 2314 pauci
1216 2275 1341 2305 contra
1363 2282 1435 2305 rem
1454 2272 1654 2316 publicam,
1680 2272 1721 2305 in

976 2318 1107 2362 quibus
1135 2317 1297 2352 Catilina
1335 2318 1426 2360 fuit,
1465 2319 1507 2353 cle
1544 2330 1616 2363 qua
1655 2318 1720 2363 (sc.

978 2366 1260 2408 coniuratione),
1272 2376 1381 2409 quam
1395 2366 1575 2400 verissime
1582 2369 1721 2410 potero,

978 2413 1108 2447 (licam.

1027 2463 1081 2494 71.
1120 2460 1308 2494 muliebres
1346 2470 1492 2494 amores.
1543 2459 1617 2494 Das
1646 2459 1721 2493 Ad-

974 2506 1159 2550 jectivum
1186 2506 1286 2541 steht
1311 2506 1391 2541 hier
1417 2508 1508 2541 statt
1530 2505 1630 2541 eines
1651 2506 1720 2541 Ge-

978 2553 1125 2587 netivus
1151 2553 1368 2597 objectivus.
1418 2565 1452 2597 p.
1487 2553 1629 2589 cluent..
1664 2557 1721 2596 28,

982 2604 1023 2635 77
1057 2600 1201 2635 invidia
1237 2601 1439 2642 senatoria,
1476 2599 1566 2635 Hass
1600 2611 1721 2645 gegen

980 2647 1051 2682 den
1073 2647 1204 2690 Senat;
1232 2647 1459 2682 namentlich
1485 2647 1551 2681 das
1576 2657 1722 2692 posses-

980 2694 1057 2729 sive
1082 2694 1291 2729 Pronomen
1315 2693 1406 2728 wird
1440 2694 1566 2739 h'ztufig
1592 2705 1633 2729 so
1657 2703 1722 2739 ge-

978 2741 1154 2784 braucht,
1204 2742 1380 2776 rationem
1428 2751 1532 2776 suam
1581 2741 1721 2783 habere,

980 2789 1072 2822 sta-tt
1096 2799 1125 2823 r.
1152 2789 1211 2822 sui
1234 2788 1371 2823 habere.

1026 2835 1162 2878 Laius,
1200 2834 1323 2878 Kenig
1351 2845 1422 2870 von
1450 2834 1616 2877 Theben,
1656 2834 1724 2869 der
