1833 3098
544 92 1108 128 STELLEN-VERZEICHNIS.
1517 94 1597 134 157

47 207 176 244 venire
201 205 347 252 aliquid
373 207 405 241 et
430 207 508 242 tam
533 204 654 241 multa
680 204 771 246 alia,
803 204 1028 245 meminisse,
1062 215 1205 246 amare,
1237 205 1368 242 odisse.
1428 205 1493 241 25.
1519 206 1599 242 iam

46 265 143 302 istuc
169 262 332 300 Hdschr.
365 283 412 288 —
441 273 534 299 nam
557 263 663 299 istuc.
726 262 792 299 30.
819 263 886 298 aut
910 272 1104 299 concessus
1129 261 1312 299 Bouhier.
1363 262 1452 311 Vgl.
1473 262 1599 300 Heine

47 321 112 359 Pr.
144 320 186 359 P.
218 334 254 370 p.
283 323 319 359 6.
353 341 406 346 —
444 319 536 368 [aut
572 317 806 366 consensus]
877 320 942 357 31.
981 321 1035 356 ait
1072 320 1135 356 ille
1166 319 1410 369 Wesenberg
1454 342 1501 347 —
1545 323 1599 359 ait

45 379 192 418 Statius
229 374 303 431 (ait
339 373 533 430 Hdschr.).
603 378 888 425 sepulchrorum
923 380 1183 419 monumenta,
1225 379 1343 425 eloqia
1387 399 1433 404 —
1475 380 1598 426 sepul-

47 438 222 476 chrorum
261 433 549 486 [monumenta]
589 436 718 483 eloqia.
792 436 857 473 34.
899 435 1016 481 quid?
1050 437 1186 482 poe'tae
1226 447 1350 473 nonne
1388 435 1428 474 C.
1462 437 1502 474 F.
1537 437 1599 474 W.

47 495 191 534 Mffller
223 515 276 522 —-
309 496 400 542 quid
428 494 591 542 poetae?
627 505 760 530 nonne.
822 494 952 540 pinxit
992 492 1154 530 Hdschr.
1192 513 1239 518 —
1268 496 1420 540 panxit.
1463 507 1600 533 nomen

46 555 173 592 liceret
202 553 314 591 Wolf
341 573 398 579 —
428 563 564 590 nomen
587 563 665 589 non
695 552 828 589 liceret.
881 546 974 602 (non
1006 552 1131 589 liceret
1161 547 1360 602 Hdschr.).
1413 554 1480 591 37.
1511 554 1599 598 fieri

37 615 197 660 possent
226 611 392 649 Hdschr.
427 631 480 636 —
512 611 600 656 fieri
623 613 797 657 possunt.
859 613 1013 657 apertae
1045 621 1088 648 coc
1119 611 1211 648 ostio
1243 609 1601 663 altae-Acheruntis

45 671 147 710 salso
173 671 370 718 sanquine,
394 670 580 716 imaqincs
603 671 839 706 mortuorum
866 680 895 706 s,
921 668 1097 706 Ribbeck
1123 669 1224 717 trag.
1251 668 1319 706 lat.
1346 669 1432 707 rell.
1457 682 1493 718 p.
1515 670 1598 707 245

46 728 176 768 01111.
236 731 366 776 aperto
397 739 441 765 ex
473 728 565 765 ostio
596 727 697 765 altae
726 725 967 769 Acheruntis,
1000 728 1099 774 falso
1130 729 1333 774 sanquine,
1364 731 1601 766 mortuorum

44 788 240 835 imaqines.
311 787 376 825 39.
413 786 727 833 descriptionibus
764 785 882 834 Vulg.
923 805 972 811 —
1014 787 1333 833 discriptionibus.
1402 787 1468 824 40.
1508 798 1601 824 num

43 846 163 893 iyitur
199 845 443 884 dubitamus?
479 856 531 882 an
569 845 667 882 sicut
698 844 881 891 pleraque
918 843 1084 882 Hdsehr.
1117 865 1171 870 —
1203 856 1297 881 num
1333 846 1450 892 iqitur
1492 846 1600 883 dubi·

44 906 170 942 tamus
199 904 297 941 sicut
323 903 520 950 pleraque.
583 903 649 940 43.
684 902 783 939 Tum
814 904 913 940 enim
949 923 997 928 —
1034 903 1193 950 adeptus
1223 902 1394 952 Bentley
1426 924 1482 928 —
1515 915 1599 941 cum

44 963 143 1000 enim
184 981 232 986 —
273 961 432 1008 adeptus
470 963 523 998 est
562 955 666 1010 (cum
703 962 803 998 enim
843 981 893 986 —-
935 961 1095 1008 adeptus
1135 957 1334 1014 Hdschr.).
1392 963 1458 1000 50.
1491 965 1531 999 at
1568 964 1601 999 si

42 1021 123 1059 iam
157 1022 315 1067 possent
357 1018 484 1056 Heine
522 1039 578 1044 —-—
620 1022 688 1056 aut
729 1021 763 1057 si
805 1020 885 1057 iam
918 1023 1076 1066 possent
1119 1014 1180 1071 (ut
1215 1032 1244 1058 s.
1276 1022 1301 1058 i.
1326 1033 1367 1068 p.
1402 1015 1600 1072 Hdschr.).

44 1078 111 1116 51.
142 1079 219 1116 nisi
253 1098 303 1104 ——
334 1089 558 1125 possumus,
599 1081 695 1115 certe
732 1081 766 1115 et
802 1078 913 1115 deum
950 1079 1079 1126 ipsum
1115 1081 1149 1116 et
1185 1079 1301 1116 divin.
1340 1091 1403 1116 an.
1435 1099 1491 1104 —
1523 1090 1599 1116 non

35 1147 244 1185 possumus
274 1135 401 1173 Heine
434 1155 488 1162 —
519 1137 596 1174 nisi
625 1156 673 1160 —
703 1147 780 1173 non
803 1147 1022 1183 possumus,
1055 1139 1150 1175 certe
1181 1140 1215 1175 et
1239 1138 1349 1175 deum
1375 1139 1399 1175 i.
1426 1141 1459 1174 ct
1484 1138 1600 1175 divim.

43 1207 106 1233 an.
141 1215 191 1222 —-
217 1206 436 1243 possumus.
493 1194 559 1232 52.
591 1206 663 1241 quo
693 1197 818 1232 monet
850 1215 900 1220 -—
935 1192 1030 1243 [quo
1061 1193 1216 1243 monet]
1279 1196 1344 1233 58.
1377 1197 1476 1243 quod
1506 1208 1599 1233 sem-

39 1265 110 1301 per
140 1253 214 1292 tale
243 1255 303 1297 sit,
336 1254 446 1300 quale
478 1255 549 1291 est:
589 1249 699 1290 ἰδέαν
730 1253 899 1300 appellat
930 1252 1101 1302 Seyffert
1137 1273 1185 1278 —-
1221 1255 1321 1301 quod
1350 1266 1496 1302 semper
1527 1255 1601 1292 tale

41 1313 108 1355 sit,
149 1312 260 1360 quale
295 1313 358 1354 sit,
403 1323 519 1358 quam
559 1308 668 1348 ἰδέαν
709 1312 886 1359 appellat.
956 1313 1021 1350 60.
1060 1313 1215 1350 animae
1251 1314 1301 1350 sit
1340 1313 1511 1362 Bentley
1547 1333 1596 1338 —

42 1372 174 1409 anima
210 1372 270 1408 sit.
317 1382 377 1408 me
405 1370 527 1417 pudet
557 1368 723 1407 Hdschr.
757 1391 813 1395 —
838 1371 967 1417 pudet.
1013 1372 1091 1408 sive
1128 1373 1229 1418 iqnis
1266 1373 1315 1409 sit
1345 1371 1511 1409 Hdsohr.
1546 1392 1599 1397 —

41 1430 120 1466 sive
143 1430 244 1476 iynis
270 1432 331 1466 est.
386 1429 450 1466 62.
478 1429 543 1475 qui
569 1429 697 1466 animo
722 1429 818 1466 vidit
844 1449 898 1454 --
925 1430 990 1475 qui
1014 1427 1215 1477 [animus]
1240 1430 1345 1467 vidit.
1406 1431 1470 1467 71.
1499 1432 1601 1467 iunc-

41 1488 139 1525 tione
175 1486 341 1525 Hdschr.
379 1507 428 1512 —-
468 1488 735 1524 coniunctione.
803 1488 868 1525 75.
901 1489 1124 1534 ecquidnam
1156 1489 1264 1526 aliud
1296 1491 1349 1526 est
1377 1486 1456 1526 nisi
1488 1488 1596 1526 Mad-

41 1545 109 1594 vig
142 1566 195 1571 —
237 1546 460 1593 ecquidnam
501 1546 610 1583 aliud
650 1548 703 1583 est
741 1557 857 1592 quam
899 1540 983 1596 (nec
1023 1548 1224 1593 quicquam
1265 1547 1373 1584 aliud
1413 1549 1530 1585 emori
1571 1559 1600 1586 c.

41 1597 171 1655 Gud.).
246 1605 312 1642 78.
343 1604 385 1642 id
420 1615 497 1641 non
534 1604 738 1642 concedant
773 1603 935 1653 Madvig
970 1625 1020 1630 —
1055 1605 1095 1642 id
1133 1606 1405 1643 circumcidant
1443 1601 1600 1656 (idcirco

41 1673 119 1700 non
143 1663 238 1700 dant
267 1657 467 1714 Hdsohr.).
531 1663 598 1700 80.
625 1674 721 1709 quac
746 1683 794 1687 —
824 1663 1003 1700 dicantur
1029 1662 1155 1700 Heine
1183 1684 1237 1689 —-
1264 1676 1349 1701 cum
1369 1685 1421 1689 —
1451 1665 1602 1702 dicatur

40 1715 149 1770 (cum
178 1741 226 1747 --
257 1722 434 1759 dicantur
464 1715 649 1772 Hdschr.)
695 1722 843 1768 faciant
880 1721 1046 1759 Hdschr.
1090 1742 1144 1747 —
1189 1723 1347 1769 faciunt.
1423 1724 1490 1760 84.
1528 1735 1599 1769 quo

41 1778 215 1828 Seyffert:
251 1799 304 1805 -
343 1781 386 1817 in
422 1791 493 1827 quo
531 1774 647 1830 (quod
684 1774 884 1831 Hdschr.).
959 1781 1026 1818 86.
1063 1779 1163 1828 [non
1200 1782 1309 1819 liberi
1345 1782 1484 1827 defleti,
1523 1793 1600 1819 non

39 1838 219 1884 fortunae
249 1849 376 1876 omnes
407 1850 432 1876 a
469 1839 674 1876 victoribus
703 1837 1016 1886 possiderentur]
1046 1839 1125 1888 vgl.
1157 1838 1283 1877 Heine
1314 1839 1378 1877 Pr.
1405 1839 1448 1879 P.
1479 1853 1515 1888 p.
1547 1841 1596 1877 15

41 1916 96 1922 -
128 1895 228 1945 [non
259 1897 366 1935 liberi
397 1895 542 1944 defleti]
579 1908 655 1934 non
692 1898 870 1943 fortunae
907 1908 1035 1935 omnes
1070 1910 1093 1935 a
1125 1899 1329 1936 victoribus
1358 1899 1600 1946 possideren-

40 1957 114 1992 tur.
156 1955 322 2002 proinde
352 1957 464 2002 quasi
494 1954 662 1993 Hdsehr.
696 1976 751 1981 ——
775 1956 938 2002 perinde
968 1958 1088 2002 quasi.
1165 1957 1232 1994 87.
1264 1958 1305 1995 ‘id
1341 1958 1426 2004 quis
1463 1958 1600 1995 dixerit

38 2011 166 2050 Heine
202 2033 251 2039 ——
286 2015 411 2060 ecquis
440 2014 482 2051 id
512 2014 651 2051 dixerit
681 2007 749 2065 (sit
778 2015 843 2061 qui
874 2015 914 2051 id
944 2015 979 2052 d.
1012 2008 1212 2066 Hdschr.).
1282 2016 1350 2053 88.
1382 2017 1435 2053 ita
1468 2027 1600 2053 carere

39 2070 204 2109 Tischer
235 2092 289 2097 —
322 2071 496 2121 †carerc.
566 2073 631 2110 91.
665 2075 732 2109 aut
754 2074 1016 2119 posteritatem
1049 2072 1089 2111 C.
1125 2073 1167 2112 F.
1194 2072 1256 2111 W.
1283 2073 1426 2110 Missler
1465 2094 1518 2098 —
1557 2077 1601 2111 ut

33 2131 305 2177 posteritatem.
368 2131 435 2168 92.
467 2131 532 2177 qui
563 2133 616 2168 est
645 2142 753 2168 mons
785 2130 926 2169 Cariae
956 2131 1170 2169 klammert
1195 2131 1239 2170 B.
1273 2131 1346 2169 ein.
1411 2133 1476 2170 96.
1504 2144 1596 2179 pen-

40 2188 172 2226 demus
197 2189 318 2226 animi
342 2188 587 2237 Wesenberg
619 2208 667 2214 —
690 2189 902 2236 pendemus
927 2191 1078 2228 animis.
1142 2192 1209 2228 97.
1241 2191 1347 2229 vadit
1371 2193 1412 2228 in
1438 2192 1596 2229 eundem

38 2245 156 2296 Vulg.
193 2267 243 2273 --
275 2248 382 2285 vadit
418 2248 516 2285 enim
553 2249 594 2285 in
631 2248 799 2285 eundem.
843 2251 1025 2295 potatque
1063 2249 1220 2287 eundem
1257 2250 1438 2297 scyphum
1469 2249 1595 2287 Heine

43 2325 91 2330 —
128 2308 238 2352 atque
274 2307 316 2343 in
352 2307 510 2343 cundem
546 2317 594 2343 sc.
669 2307 763 2344 102.
795 2309 913 2344 morte
949 2318 986 2345 n.
1019 2307 1053 2345 d.
1086 2309 1301 2346 occumbere
1338 2307 1505 2347 Hdschr.
1544 2329 1590 2333 —

37 2366 195 2401 mortem
211 2375 249 2402 n.
263 2364 299 2403 d.
313 2365 536 2402 occumbere.
574 2365 658 2403 istis
671 2363 1018 2404 Hdsohr.—-istie.
1074 2367 1168 2405 103.
1184 2368 1216 2404 is
1234 2367 1384 2414 quidem
1397 2366 1523 2404 Heine
1542 2387 1591 2392 —-

37 2422 79 2460 id
103 2423 263 2469 quidem.
316 2424 411 2461 104.
438 2424 479 2461 in
496 2424 673 2470 patriam
698 2423 911 2461 klammert
935 2424 979 2462 B.
1007 2424 1080 2461 ein.
1138 2426 1232 2464 106.
1258 2437 1387 2463 somno
1413 2437 1594 2473 suspenso

37 2479 205 2518 Hdschr.
244 2501 298 2506 —
336 2493 466 2520 somno
509 2492 744 2529 suspensam.
789 2483 973 2530 reliquias
1015 2494 1153 2530 quaeso
1193 2486 1293 2522 mias
1330 2484 1505 2521 Ribbeck
1544 2487 1591 2521 tr.

34 2538 104 2577 lat.
125 2539 194 2577 rel.
213 2553 251 2587 p.
275 2541 353 2578 101
381 2561 430 2565 —
452 2541 636 2587 reliquias
662 2571 669 2578 .
692 2571 698 2578 .
721 2571 728 2578 .
756 2551 871 2579 meas,
938 2542 1030 2579 113.
1051 2541 1224 2590 Arqivac
1249 2543 1417 2581 Lambin
1439 2563 1492 2568 —-
1513 2542 1590 2579 Ar-

33 2598 132 2645 yiae.
183 2599 225 2636 id
266 2598 345 2636 illis
374 2600 544 2645 praemii
591 2619 639 2624 —
686 2599 764 2637 illis
793 2601 1016 2646 praemium
1062 2597 1157 2651 (illis
1193 2603 1362 2648 praemii
1406 2598 1590 2649 Hdsohr.)

41 2657 136 2694 116.
168 2657 281 2694 rebus
316 2676 364 2682 —
400 2654 567 2704 [rebusJ.
614 2655 781 2694 Codrum
819 2662 1112 2696 commemorant
1149 2659 1306 2697 Vahlen
1344 2659 1532 2697 zeitschr.
1566 2659 1591 2695 f.

39 2715 133 2752 &stu
170 2713 311 2763 Gymn.
353 2716 464 2752 1873
504 2727 539 2763 p.
572 2715 653 2752 243
693 2735 747 2740 —
790 2714 967 2754 Codrum.
1018 2718 1114 2763 viqet
1158 2717 1326 2755 Hdschr.
1368 2737 1417 2742 —
1457 2719 1590 2764 viqcnt.

41 2773 136 2810 117.
168 2773 222 2810 ita
253 2793 307 2798 —
340 2770 451 2821 [stay.
528 2774 622 2812 118.
660 2775 700 2810 in
738 2777 907 2812 nostram
944 2775 1095 2812 domum
1130 2796 1179 2801 —
1224 2776 1389 2814 Hdsehr.
1422 2778 1592 2813 nostram

37 2830 201 2869 domum.
