1790 3103
126 49 181 90 70
650 50 697 86 M.
726 50 885 86 TULLII
911 50 1163 88 CICERONIS

124 161 393 209 tinentemque
427 159 611 212 dicimus,
651 173 728 199 non
770 173 970 212 nunquam
1007 158 1104 201 haec
1138 160 1273 200 eadem
1307 161 1493 201 vocabula
1524 163 1571 202 ad
1604 164 1684 203 fru-

123 217 290 267 galitatis
323 230 466 257 nomen
497 224 696 270 tamquam
728 220 775 258 ad
808 226 925 271 caput
957 220 1108 259 referre
1141 219 1330 259 volumus.

903 290 1116 329 numquam
1166 280 1219 317 ita
1270 279 1539 330 pervolgatum
1587 280 1684 320 illud

122 277 279 314 nomine
326 277 490 316 virtutes
535 280 851 329 continerentur,

123 339 242 386 esset,

122 397 230 431 1ecte
275 394 415 433 facere.

288 341 331 374 ut
374 337 450 374 iam
493 336 692 387 proverbii
735 337 865 376 locum
903 336 1118 389 obtineret,

479 395 590 440 Quod
630 395 732 433 idem
772 407 860 434 cum
902 394 1023 434 Stoici
1062 395 1108 434 de
1148 397 1323 445 sapiente
1368 395 1523 448 dicunt,
1567 399 1683 437 nimis

1393 220 1506 265 Quod
1532 223 1609 260 nisi
1635 235 1680 262 eo

1163 337 1362 376 hominem
1407 338 1510 388 frugi
1555 341 1683 378 omnia

83 480 102 492 ,-
122 451 402 491 admilahiliter
435 455 629 504 nimisque
664 454 864 504 magnifice
899 453 1030 493 dicere
1062 454 1256 493 videntur.

61 493 104 562 f-
238 510 303 548 Er
294 523 341 561 go
375 512 449 562 hic,
483 514 661 563 quisquis
694 518 765 564 est,
798 514 864 563 qui
896 512 1164 552 moderatione
1198 518 1237 551 et
1269 515 1487 552 constantia
1521 515 1679 565 quietus

119 570 247 608 animo
280 577 339 608 est
372 570 525 620 sibique
554 572 638 621 ipse
664 570 850 623 placatus,
882 577 926 610 ut
952 584 1023 610 nec
1054 571 1229 611 tabescat
1255 571 1444 610 molestiis
1472 584 1543 611 nec
1571 573 1674 612 fran-

119 633 233 678 gatur
266 629 405 666 timore
439 642 509 667 nec
544 630 724 668 sitienter
758 630 851 680 quid
883 637 1071 681 expetens
1105 630 1240 668 ardeat
1272 630 1467 669 desiderio
1501 643 1574 670 nec
1606 631 1681 670 ala-

118 687 255 724 critate
288 686 389 725 futili
421 689 595 737 gestiens
629 688 887 741 deliquescat‚
919 690 952 727 is
986 696 1045 728 est
1078 691 1251 740 sapiens,
1293 701 1409 740 quem
1442 691 1681 742 quaerimus,

118 745 150 782 is
184 750 244 782 est
274 744 430 797 beatus,
458 746 535 784 'cui
567 747 663 785 nihil
695 747 955 786 humanarum
987 760 1122 786 rerum
1155 754 1221 786 aut
1253 747 1498 787 intolerabile
1532 748 1579 786 ad
1613 748 1678 787 de-

118 803 352 842 mittendum
385 806 557 843 animum
591 812 656 844 aut
684 807 800 845 nimis
826 806 1004 845 laetabile
1032 807 1077 845 ad
1106 806 1360 845 ecferendum
1387 807 1511 846 videri
1535 812 1682 858 potest.

118 861 218 906 Quid
253 864 356 901 enim
390 863 567 902 videatur
606 867 640 903 ei
673 877 856 915 magnum
895 867 933 903 in
967 865 1086 904 rebus
1125 865 1323 917 humanis,
1363 867 1426 904 cui
1466 867 1678 905 aeternitas

117 923 243 958 omnis
277 923 475 972 totiusque
509 923 644 961 mundi
676 929 767 962 nota
800 925 850 962 sit
883 922 1137 974 magnitudo?
1180 923 1277 962 Nam
1311 924 1403 974 quid
1436 930 1503 963 aut
1528 926 1568 963 in
1596 930 1677 964 stu-

116 977 190 1016 diis
228 978 408 1018 humanis
447 986 514 1019 aut
552 982 591 1019 in
632 987 709 1019 tam
742 983 880 1032 exigua
918 981 1109 1020 brevitate
1148 984 1246 1021 vitae
1290 994 1472 1032 magnum
1513 984 1680 1034 sapienti

115 1036 238 1075 videri
281 1044 426 1090 potest,
469 1040 537 1090 qui
578 1052 734 1091 semper
775 1042 903 1078 animo
943 1042 999 1079 sic
1032 1040 1215 1092 excubat,
1258 1047 1301 1079 ut
1339 1042 1374 1079 ei
1414 1040 1510 1079 nihil
1549 1043 1682 1093 inpro-

57 1105 100 1136 38
119 1096 244 1134 visum
278 1097 456 1135 accidere
489 1100 625 1150 possit,
658 1098 754 1137 nihil
787 1101 1043 1151 inopinatum,
1076 1100 1173 1138 nihil
1206 1101 1364 1138 omnino
1398 1097 1574 1138 novum?
1619 1100 1683 1139 At-

116 1166 192 1204 que
231 1155 333 1193 idem
375 1157 427 1194 ita
466 1168 596 1195 acrem
635 1158 674 1195 in
714 1170 850 1196 omnes
887 1164 1019 1209 partes
1058 1160 1180 1197 aciem
1222 1157 1407 1210 intendit,
1449 1163 1493 1197 ut
1525 1170 1682 1209 semper

115 1212 239 1251 videat
276 1214 409 1252 sedem
443 1215 516 1253 sibi
549 1228 592 1254 ac
626 1216 755 1255 locum
789 1218 872 1255 sine
902 1216 1078 1255 molestia
1107 1223 1223 1268 atque
1251 1229 1396 1267 angore
1424 1217 1590 1269 vivendi,
1627 1223 1683 1269 ut,

114 1283 403 1323 quemcumque
437 1286 570 1312 casum
604 1275 760 1314 fortuna
802 1277 1011 1327 invexerit,
1050 1276 1155 1314 hunc
1194 1282 1282 1327 apte
1322 1282 1361 1314 et
1400 1277 1531 1326 quiete
1571 1276 1682 1314 serat.

115 1328 227 1374 Quod
262 1333 329 1381 qui
362 1332 477 1370 faciet
509 1345 586 1371 non
621 1333 866 1384 aegritudine
901 1334 1028 1372 solum
1060 1334 1228 1386 vacabit,
1270 1334 1337 1373 sed
1378 1335 1495 1373 etiam
1526 1340 1682 1386 pertur-

113 1388 336 1427 bationibus
379 1390 541 1442 reliquis
584 1392 777 1431 omnibus.

840 1392 910 1431 His
955 1399 1085 1432 autem
1124 1406 1270 1432 vacuus
1314 1394 1468 1431 animus
1504 1393 1680 1443 perfecte

113 1453 229 1498 atque
263 1447 439 1487 absolute
481 1449 616 1488 beatos
656 1451 794 1503 efficit,
833 1451 1015 1502 idemque
1056 1454 1276 1490 concitatus
1309 1457 1348 1490 et
1380 1451 1600 1491 abstractus
1634 1451 1680 1490 ab

112 1507 261 1557 integra
308 1514 493 1558 certaque
538 1510 689 1577 ratione
737 1483 814 1548 no‚n
860 1512 1120 1549 constantiam
1166 1510 1293 1549 solum
1338 1511 1499 1562 amittit,
1543 1522 1680 1550 verum

114 1566 231 1603 etiam
266 1567 482 1605 sanitatem

230 1623 424 1669 Quocirca
456 1625 583 1664 mollis
617 1632 655 1665 et
688 1634 870 1666 enervata
903 1627 1073 1679 putanda
1108 1633 1168 1666 cst
1190 1627 1547 1678 Peripateticorum
1580 1629 1680 1667 ratio

158 1725 207 1759 ad
242 1725 473 1771 fruyalitatis
512 1738 660 1762 nomen:
701 1728 774 1772 vgl.
808 1728 860 1762 III

112 1774 144 1815 8,
168 1775 222 1815 16,
249 1784 306 1807 wo
333 1773 397 1807 der
417 1773 595 1809 Gedanke
622 1774 751 1809 weiter
776 1785 858 1810 aus-

111 1818 264 1862 gefiihrt
308 1819 365 1854 ist.
423 1821 528 1855 Auch
566 1821 647 1856 hier
685 1824 860 1857 erwartet

110 1876 195 1900 man
221 1866 280 1900 bei
305 1867 458 1902 virtutes
483 1868 554 1902 den
575 1869 706 1903 Zusatz
727 1880 858 1911 omnes,

110 1912 179 1946 wie
200 1912 285 1947 dort
303 1915 453 1948 virtutes
466 1915 625 1959 reliquae
639 1920 729 1951 cont.
746 1917 858 1951 steht.

157 1959 281 1994 Stoici.
339 1961 400 1994 lhr
437 1961 658 1997 Paradoxon
696 1963 856 1998 lautete:

119 2003 138 2040 ὁ
168 2004 284 2050 σοφὸς
310 2003 580 2052 ἀναμάρτητος

156 2053 267 2088 nimis
299 2054 583 2097 admirabilitem
623 2055 656 2089 d.
684 2056 706 2090 i.
738 2069 856 2099 παρα-

112 2098 240 2142 δόξως.
278 2100 351 2135 Cic.
367 2101 448 2136 Par.
466 2105 519 2143 §4
545 2114 636 2146 quae
661 2104 749 2147 quia
774 2107 860 2137 sunt

109 2148 348 2182 admirabilia
406 2153 601 2193 contraque
653 2151 859 2204 opinionem

109 2195 269 2229 omnium
307 2195 351 2229 ab
392 2196 482 2239 ipsis
519 2197 628 2231 etiam
660 2194 858 2240 παράδοξα

109 2241 356 2284 appellantur.

156 2287 249 2331 Kap.
272 2287 335 2323 17.
364 2292 419 2323 37.
448 2290 665 2334 deliquescant
691 2290 740 2325 ist
760 2291 857 2325 noch

109 2334 253 2369 starker
278 2335 333 2369 als
360 2336 527 2378 tabescat,
555 2336 745 2380 zerfliesst‚
773 2338 806 2371 d.
834 2337 856 2371 i.

108 2381 201 2416 aller
225 2381 345 2416 festen
371 2381 538 2427 Haltung
566 2384 748 2419 entbehrt.

156 2429 205 2463 ad
249 2429 524 2472 demittend'zmb
568 2430 601 2464 d.
629 2431 651 2465 i.
692 2432 780 2465 adeo
817 2435 858 2466 ut

107 2476 271 2510 demittat
302 2477 474 2510 animwm.
528 2476 595 2511 Die
623 2477 857 2521 Priiposition

108 2522 326 2556 bezeichnet
357 2523 429 2556 den
462 2523 579 2566 Grad,
612 2523 669 2558 bis
703 2537 746 2558 zu
772 2525 857 2558 wel-

110 2569 217 2603 chem
250 2569 308 2603 die
348 2569 385 2603 in
419 2570 502 2604 dem
533 2570 714 2605 Pr'adikat
746 2582 857 2616 ange-

108 2616 252 2660 gebene
278 2615 522 2660 Eigenschaft
548 2617 636 2652 oder
656 2617 857 2664 Haudlung

108 2662 337 2705 stattfindet,
384 2662 487 2697 nicht
526 2676 570 2698 zu
607 2665 857 2699 verwechseln

108 2710 178 2743 mit
211 2709 295 2744 dem
321 2710 371 2744 ad
402 2710 476 2744 und
508 2710 592 2745 dem
619 2711 856 2753 Gewndium,

108 2756 174 2789 das
219 2756 277 2790 die
325 2756 439 2791 Stelle
484 2757 583 2792 eines
629 2758 857 2793 Finalsatzes

108 2803 267 2837 vei-tritt.
319 2807 376 2846 38,
405 2807 448 2839 82
485 2805 604 2840 dolore
636 2806 685 2840 ad
712 2806 856 2850 patien-

932 1730 1016 1764 dum
1039 1730 1163 1764 levato.
1190 1728 1439 1773 Vergleichen
1459 1729 1581 1763 lassen
1602 1729 1680 1764 sich

932 1776 1167 1819 Ausdriicke‚
1206 1776 1275 1810 wie
1314 1777 1363 1811 ad
1404 1777 1680 1811 internecionem

932 1825 1128 1865 trucidare,
1149 1823 1198 1857 ad
1215 1824 1401 1857 insaniam
1421 1823 1679 1867 concupiscere.

978 1883 1064 1905 nam.
1107 1871 1210 1904 fuhrt
1253 1870 1319 1904 das
1364 1869 1678 1914 Vorhergehende

932 1917 1061 1952 weiter
1096 1929 1172 1951 aus.
1224 1916 1325 1951 Weil
1360 1917 1424 1952 der
1458 1916 1583 1951 Weise
1617 1916 1676 1951 die

931 1964 1178 2009 allgemeinen
1186 1963 1464 1998 menschlichen
1473 1962 1678 1999 Geschicke

932 2012 1167 2053 iiberschaut‚
1193 2011 1337 2044 kommt
1362 2011 1439 2045 ihm
1466 2010 1587 2045 nichts
1613 2022 1677 2045 un-

933 2059 1106 2092 erwartet.
1152 2057 1223 2092 und
1273 2058 1459 2092 erscheint
1504 2056 1582 2091 ihm
1626 2057 1678 2091 im

932 2105 1133 2149 Vergleich
1177 2104 1246 2138 mit
1289 2104 1371 2138 dem
1410 2103 1564 2149 Ewigen
1602 2104 1678 2138 und

931 2151 1188 2196 Aiigemeinen
1221 2151 1285 2185 das
1319 2150 1494 2186 Einzelne
1527 2150 1601 2185 und
1626 2151 1677 2185 Ir-

932 2199 1058 2233 dische
1085 2198 1226 2243 gering.

979 2249 1034 2280 38.
1062 2257 1179 2280 aerem
1199 2265 1242 2270 —
1264 2245 1373 2279 aciem
1399 2245 1567 2279 intendit.
1600 2244 1676 2279 Das

930 2292 1109 2337 Adjektiv
1135 2292 1235 2326 steht
1259 2291 1506 2336 proleptisch,
1541 2293 1595 2326 ita
1619 2292 1677 2326 in-

930 2340 1072 2374 tendere
1098 2340 1222 2380 aciem,
1247 2342 1288 2373 ut
1313 2339 1410 2373 aeris
1435 2339 1492 2373 sit.

978 2390 1078 2431 apte,
1125 2386 1239 2421 ‘wohl
1273 2385 1422 2431 gefl'igt,
1467 2384 1674 2430 geordnet'.

930 2434 1060 2468 Parad.
1076 2433 1126 2467 ΠΙ
1144 2436 1162 2475 ξ
1177 2437 1222 2467 26
1242 2433 1283 2467 in
1302 2434 1378 2467 vita
1397 2436 1449 2475 ta,
1468 2444 1560 2476 quae
1578 2432 1677 2467 omni

929 2485 1030 2525 yestu
1056 2481 1286 2522 moderatior,
1312 2481 1410 2514 omni
1429 2490 1534 2514 versu
1553 2480 1676 2523 aptior

930 2538 1000 2562 esse
1024 2528 1132 2562 debet.

977 2577 1119 2619 2’nte9ra
1145 2577 1309 2618 certaque
1333 2574 1447 2615 ratio,
1480 2573 1561 2608 eine
1595 2572 1675 2607 sitt-

929 2620 1026 2656 liche
1051 2621 1125 2655 und
1152 2621 1244 2655 feste
1270 2619 1614 2664 Handlungsweise.

980 2668 1314 2712 Peripateticorum.
1366 2667 1442 2701 Auf
1470 2666 1529 2701 die
1555 2666 1674 2701 Lehre

930 2715 994 2748 des
1015 2714 1233 2750 Aristoteles
1262 2725 1332 2749 von
1358 2715 1422 2749 der
1441 2712 1674 2749 Beschaffen-

928 2762 1007 2796 heit
1039 2762 1103 2795 der
1130 2761 1236 2795 Seele
1267 2761 1342 2795 und
1374 2761 1439 2795 der
1464 2760 1584 2795 Natur
1610 2760 1675 2795 der

930 2807 1240 2843 Leidenschaften
1270 2808 1320 2842 ist.
1345 2807 1416 2843 Cic.
1445 2807 1566 2852 wenig
1599 2806 1674 2842 ein-
