1811 3103
89 306 131 337 67

78 866 135 906 24

92 917 134 949 68

151 73 170 111 1
178 70 234 112 30
667 68 716 104 M.
741 68 904 104 TULLII
931 69 1182 106 CICERONIS

149 180 266 220 caede
308 186 346 218 et
386 180 541 218 iniuriis
583 191 672 218 cum
711 186 749 218 et
786 179 926 219 diurno
966 187 1005 219 et
1043 186 1236 219 nocturno
1269 187 1387 219 metu.
1449 181 1528 232 Age
1561 183 1696 222 confer

148 240 426 290 Democritum,
456 237 727 290 Pythagoram,
758 238 1041 290 Anaxagoram3
1074 251 1171 289 quae
1205 251 1336 291 regna,
1369 251 1464 290 quas
1490 251 1583 291 opes
1616 246 1699 289 stu-⁸

148 299 221 337 diis
248 309 383 336 eorum
411 302 450 336 et
475 296 799 336 delectationibus
825 294 1067 348 antepones?
1116 297 1271 335 Etenim
1297 310 1396 348 quae
1422 310 1512 349 pars
1538 304 1697 350 optuma

148 363 208 397 est
239 358 278 395 in
310 356 486 408 homine,
523 357 563 394 in
595 367 639 394 ea
671 357 790 394 situm
823 368 908 394 esse
946 367 1106 394 necesse
1145 362 1205 394 est
1242 355 1355 408 illud,
1393 356 1497 407 quod
1530 359 1697 411 quaeris,

149 423 363 468 optumum.
426 414 527 460 Quid
565 421 625 453 est
663 420 790 453 autem
823 417 863 453 in
901 415 1057 453 homine
1091 416 1216 466 sagaci
1249 427 1292 453 ac
1324 414 1424 453 bona
1456 422 1586 455 mente
1617 428 1697 456 me-

147 472 252 514 lius?
301 473 395 513 Eius
427 473 529 512 bono
561 473 770 512 fruendum
804 479 863 512 cst
894 475 1030 525 igitur,
1069 475 1100 512 si
1138 473 1242 512 beati
1280 486 1364 512 esse
1397 473 1594 526 volumus;
1631 474 1697 514 bo·

148 546 243 573 num
281 539 410 572 autem
448 534 590 571 mentis
629 538 688 571 est
725 534 867 571 virtus:
913 545 1004 583 ergo
1044 532 1113 571 hac
1159 532 1310 571 beatam
1348 534 1464 571 vitam
1503 535 1699 573 contineri

149 605 309 632 necesse
343 598 412 630 est.
475 590 574 629 Hinc
606 592 751 643 omnia,
791 603 888 642 quae
927 591 1107 643 pulchra,
1146 591 1327 643 honesta,
1365 591 1563 642 praeclara
1595 598 1699 645 sunt,

149 658 192 690 ut
234 663 351 702 supra
393 649 488 701 dixi,
540 649 606 688 sed
649 649 856 688 dicendum
897 650 999 688 idem
1041 649 1133 688 illud
1175 650 1290 701 paulo
1332 650 1493 689 uberius
1533 650 1700 703 videtur,

148 710 261 762 plena
294 708 525 761 gaudiorum
557 713 659 747 sunt.
721 707 778 746 Ex
810 710 1014 760 perpetuis
1048 715 1176 747 autem
1203 709 1406 760 plenisque
1433 709 1583 760 gaudiis
1609 721 1700 749 cum

148 770 401 821 perspicuum
435 768 486 806 sit
517 768 632 805 vitam
665 765 816 806 beatam
850 769 1057 819 exsistere,
1098 769 1276 819 sequitur
1308 774 1352 806 ut
1384 780 1427 806 ca
1459 770 1621 807 exsistat
1652 780 1699 808 ex

148 828 362 866 honestate.

269 885 344 924 Sed
377 897 426 923 ne
458 884 588 923 verbis
621 883 747 923 solum
780 886 1014 935 attingamus
1046 897 1108 936 ea,
1141 898 1238 935 quae
1271 885 1450 924 volumus
1481 886 1702 938 ostendere,

149 944 403 997 proponenda
443 943 630 994 quaedam
677 944 788 993 quasi
831 945 1024 981 moventia
1070 950 1177 995 sunt,
1228 956 1325 994 quae
1375 956 1446 982 nos
1490 946 1611 996 magis
1655 945 1703 984 ad

150 1005 411 1055 cognitionem
462 1001 845 1052 intellegentiamque
899 1007 1138 1040 convertant.
1202 1001 1387 1041 Sumatur
1437 1005 1540 1041 enim
1590 1003 1704 1042 nobis

150 1063 306 1114 quidam
344 1066 548 1112 praestans
586 1061 643 1098 vir
682 1062 852 1111 optumis
891 1060 1039 1099 artibus
1084 1062 1194 1111 isque
1241 1062 1368 1099 animo
1410 1073 1621 1113 parumper
1665 1067 1705 1101 et

151 1122 384 1173 cogitatione
417 1120 596 1170 fingatur.
658 1118 833 1158 Primum
865 1120 1021 1169 ingenio
1055 1121 1195 1158 eximio
1236 1121 1285 1158 sit
1317 1132 1477 1159 necesse
1511 1125 1588 1173 est3
1627 1125 1703 1159 tar-

150 1181 209 1219 dis
243 1181 346 1218 enim
378 1178 576 1217 mentibus
608 1179 732 1218 virtus
765 1190 843 1216 non
875 1178 987 1217 facile
1020 1180 1245 1230 comitatur,
1284 1178 1423 1217 deinde
1462 1179 1507 1218 ad
1546 1180 1704 1218 investi-

151 1239 314 1290 gandam
346 1239 552 1276 veritatem
585 1237 712 1276 studio
745 1238 916 1276 incitato.
979 1237 1036 1276 Ex
1069 1250 1145 1288 quo
1178 1237 1318 1288 triplex
1351 1237 1414 1276 ille
1452 1239 1568 1277 animi
1601 1239 1704 1277 fetus

152 1300 329 1337 exsistet:
361 1308 465 1336 unus
496 1297 535 1334 in
569 1297 790 1347 cognitione
822 1308 957 1335 rerum
988 1298 1140 1347 positus
1173 1302 1212 1335 et
1244 1298 1284 1334 in
1311 1296 1566 1347 explicatione
1592 1303 1703 1336 natu-

151 1370 234 1409 rae,
272 1356 368 1395 alter
407 1357 446 1394 in
486 1354 740 1406 discriptione
779 1355 1085 1406 expetendarum
1118 1355 1470 1406 fugiendarumque
1503 1368 1635 1395 rerum
1668 1361 1707 1396 et

198 1471 239 1505 iu
277 1470 398 1511 caede,
437 1479 501 1502 aus
539 1469 704 1502 alebatur
742 1468 790 1502 ist
828 1468 892 1502 der

152 1516 412 1562 allgemeinere
438 1515 580 1560 Begriff
605 1515 818 1550 versabatur
849 1527 892 1549 zu

152 1568 351 1610 ergi'mzen:
397 1563 457 1597 ein
501 1562 692 1597 ζ(111111161166
731 1562 893 1607 Zeugma

965 1468 1045 1512 digt
1064 1468 1135 1502 den
1158 1469 1491 1513 ungewohnlichen
1512 1468 1705 1504 Gebrauch

966 1515 1030 1549 des
1055 1515 1228 1559 Particip.
1255 1516 1310 1551 als
1342 1515 1569 1551 Substantiv.

1012 1563 1152 1597 artibus
1195 1562 1274 1596 hier
1316 1563 1354 1598 in
1405 1562 1706 1607 allgemeinerem

151 1612 220 1646 wie
246 1611 280 1645 Π
307 1614 362 1653 24,
390 1613 442 1644 57.

201 1658 446 1692 Democritum
470 1657 485 1690 Ι
514 1661 568 1699 11,
595 1660 650 1691 23.

199 1706 464 1749 Anaoeayoram
488 1705 502 1738 Ι
530 1707 584 1747 43,
615 1707 690 1738 104.

200 1757 254 1788 67.
293 1752 450 1787 Etenim.
504 1750 577 1786 Der
621 1762 714 1785 neue
751 1751 893 1786 Beweis

153 1799 319 1835 schliesst
355 1798 433 1833 sich
467 1809 514 1832 an
552 1798 610 1833 die
648 1810 676 1833 6.
706 1801 747 1832 18
783 1809 892 1843 gege-

152 1847 272 1882 benen
303 1857 367 1881 an:
401 1846 465 1880 das
497 1846 650 1880 hochste
682 1844 756 1880 Gut
788 1847 892 1890 (opti-

154 1895 262 1938 mum)
293 1893 342 1928 ist
374 1893 456 1933 das,
491 1903 567 1927 was
599 1893 664 1926 der
688 1891 808 1927 Natur
834 1904 894 1926 arm

153 1941 310 1976 meisten
349 1939 552 1984 entspricht
589 1940 664 1973 und
703 1939 766 1975 der
804 1939 893 1974 dau-

154 1988 264 2024 ernde
303 1986 425 2021 Besitz
463 1986 672 2030 desselben,
711 1986 745 2020 d.
771 1986 793 2021 i.
834 1987 893 2021 die

155 2033 285 2079 εὔροια
313 2035 394 2079 βίου
422 2034 510 2068 oder
537 2030 770 2078 εὐδαιμονία.
804 2033 893 2068 Was

155 2083 242 2117 aber
278 2082 336 2115 fiir
371 2081 455 2126 jede
488 2081 557 2115 Art
591 2081 654 2114 der
687 2080 894 2124 Geschtipfe

155 2130 219 2164 das
250 2129 351 2163 ihrer
382 2128 501 2162 Natur
541 2139 600 2162 am
634 2126 788 2162 meisten
816 2130 894 2162 ent-

156 2175 382 2221 sprechende
396 2174 456 2218 ist,
468 2174 559 2208 wird
575 2174 765 2209 bestimmt
780 2175 894 2209 durch

156 2225 225 2258 den
251 2222 565 2267 cigentiimlichen
586 2222 666 2256 Teil
691 2223 788 2256 ihres
811 2222 894 2256 We-

156 2282 248 2311 sens,
275 2270 347 2304 (1.1.
373 2269 435 2303 bei
461 2269 543 2303 dem
561 2268 761 2303 Menschen
781 2269 895 2303 durch

157 2317 217 2352 die
231 2316 422 2351 Vei-nunft.
461 2315 628 2359 Folglich
655 2316 703 2350 ist
729 2316 792 2350 das
807 2316 896 2350 Ver-

156 2364 291 2408 nunftg
294 2362 429 2398 emasse
450 2360 589 2406 (naida,
610 2364 804 2404 honestum,
824 2363 895 2397 Tu-

157 2376 291 2457 gend)g
297 2410 353 2444 fiir
385 2410 455 2444 den
480 2409 679 2444 Mensehen
705 2409 895 2444 unmittel-

157 2459 222 2493 bar
267 2458 332 2492 das
375 2456 658 2501 Naturgemasse
706 2457 794 2491 oder
837 2457 895 2491 die

158 2503 463 2548 Gliickseligkeit.
488 2503 622 2538 Diesen
635 2503 897 2548 Hauptbeweis

158 2553 222 2587 der
261 2551 406 2587 Stoiker
451 2552 517 2585 hat
559 2550 631 2585 Cic.
672 2550 751 2585 hier
794 2550 897 2585 nicht

157 2600 262 2634 recht
286 2599 369 2632 klar
395 2598 671 2642 durchgefiihrt.

204 2647 339 2690 iyz'tur:
366 2656 451 2679 man
477 2645 651 2688 beachte,
678 2644 757 2679 dass
783 2645 897 2689 issitur

157 2693 238 2728 hier
264 2703 309 2726 an
337 2692 400 2726 der
425 2692 571 2727 fiinften
598 2691 712 2727 Stelle
740 2692 848 2727 steht.

205 2751 318 2784 supra
343 2740 436 2781 dixi,
465 2743 518 2783 15,
545 2743 600 2773 43.

205 2787 296 2831 Kap.
325 2786 387 2821 ⁶24.
440 2790 493 2821 68.
521 2788 715 2828 mot-entia,
747 2785 897 2830 Beweg-

159 2834 309 2880 griinde,
325 2833 569 2868 Triebfedern.
596 2835 701 2878 quasi
714 2833 896 2869 cntschul-

967 1608 1094 1652 Smne,
1132 1608 1169 1643 in
1195 1610 1373 1645 welchem
1405 1611 1469 1644 das
1495 1610 1604 1645 Wort
1635 1610 1705 1644 Tu-

966 1656 1110 1701 genden
1136 1657 1211 1691 und
1231 1656 1452 1692 Kenntnisse
1477 1657 1515 1691 in
1541 1657 1620 1692 sich
1644 1657 1706 1692 be-

966 1703 1088 1748 greift.
1128 1704 1172 1738 de
1198 1704 1285 1749 imp.
1307 1705 1434 1749 Pomp.
1463 1708 1517 1746 13,
1545 1708 1589 1739 36
1614 1705 1705 1739 mul-

965 1754 1022 1785 tae
1047 1755 1132 1785 suut
1158 1754 1251 1786 artes
1282 1752 1434 1786 eximiae
1457 1751 1567 1786 huius
1592 1752 1706 1786 admi-

965 1799 1103 1832 nistrae
1127 1799 1336 1843 comitesque
1359 1799 1515 1834 virtutis.
1558 1798 1616 1833 ad.
1639 1798 1705 1841 Qu.

966 1844 1008 1878 fr.
1036 1844 1050 1877 I
1079 1849 1115 1887 1,
1143 1849 1186 1879 42
1220 1846 1407 1888 contende,
1439 1856 1568 1891 quaeso
1595 1865 1640 1871 —
1664 1848 1707 1880 ut

965 1893 1032 1926 illa
1066 1894 1188 1927 omnia
1228 1894 1300 1927 tuis
1341 1894 1482 1927 artibus
1518 1903 1707 1937 superasse

965 1939 1117 1974 videare.

1012 1987 1130 2021 tardis
1169 1988 1237 2021 cet.
1287 1987 1361 2021 Far
1398 1987 1468 2021 den
1505 1985 1708 2021 Gedanken

966 2032 1040 2077 vgl.
1068 2033 1117 2067 IV
1146 2037 1206 2076 14,
1233 2037 1287 2069 32.
1315 2054 1358 2058 —
1398 2034 1564 2068 comitari
1597 2033 1708 2078 steht,

967 2091 1023 2114 wo
1051 2091 1088 2114 es
1116 2080 1192 2114 sich
1219 2080 1279 2115 bei
1305 2080 1376 2115 Cic.
1403 2081 1472 2114 mit
1497 2080 1580 2114 dem
1595 2080 1707 2114 Dativ

967 2127 1098 2171 findet,
1124 2127 1254 2161 immet
1279 2126 1317 2161 in
1344 2127 1407 2161 der
1435 2127 1707 2172 fibertragenen

968 2173 1188 2219 Bedeutung
1230 2186 1303 2209 von
1353 2175 1584 2209 coniunctum
1626 2184 1708 2217 esse,

968 2220 1037 2256 mit
1071 2221 1152 2255 dem
1185 2220 1383 2256 Accusativ
1416 2221 1466 2256 ist
1497 2232 1534 2256 es
1569 2238 1612 2250 =
1643 2221 1708 2256 be-

969 2266 1118 2313 gleiten,
1146 2268 1317 2312 geleiten.

1015 2316 1158 2359 triplex.
1215 2315 1293 2350 Den
1338 2315 1510 2350 Stoikern
1554 2314 1604 2348 ist
1647 2314 1706 2349 die

968 2361 1142 2407 Philosop
1145 2362 1205 2397 hie
1233 2362 1291 2397 die
1317 2361 1521 2406 Ausiibung
1547 2361 1611 2395 der
1636 2361 1708 2395 Tu-

968 2410 1081 2454 gend,
1113 2410 1187 2443 und
1218 2421 1256 2444 so
1287 2409 1417 2444 teilten
1451 2408 1503 2443 sie
1529 2408 1623 2443 auch
1648 2407 1707 2442 die

968 2456 1151 2501 Tugend'
1141 2468 1179 2490 in
1200 2456 1279 2491 eine
1306 2456 1382 2508 phy
1386 2455 1514 2499 sische‚
1541 2455 1707 2490 ethische

967 2504 1042 2538 und
1081 2504 1246 2548 logische
1285 2503 1352 2538 ein.
1403 2502 1498 2537 Plut.
1534 2496 1579 2537 de
1612 2502 1707 2547 plac.

967 2552 1028 2606 ph.
1055 2561 1215 2594 prooem.
1244 2555 1263 2584 ‘2
1302 2548 1370 2609 τὴν
1406 2548 1447 2584 δὲ
1481 2550 1707 2608 φιλοσοφίαν

969 2595 1124 2641 ἄσκησιν
1156 2598 1286 2641 τέχνης
1320 2594 1550 2652 ἐπιτηδείου·
1584 2592 1708 2640 ἐπιτή-

970 2646 1072 2679 δειον
1105 2641 1141 2679 δ’
1180 2648 1277 2679 εἰναι
1309 2645 1397 2688 μίαν
1429 2643 1493 2678 καὶ
1528 2639 1705 2678 ἀνωτάτω

969 2690 1036 2735 τὴν
1068 2689 1220 2735 ἀρετήν·
1260 2688 1395 2735 αρετὰς
1433 2689 1474 2725 δὲ
1510 2688 1575 2730 τὰς
1606 2702 1704 2745 γενι-

970 2737 1136 2779 κωτάτας
1179 2742 1275 2783 τρεῖς
1325 2735 1503 2782 φυσικήν,
1553 2734 1707 2781 ἠθικήν,

969 2784 1130 2830 λογικήν.

1018 2833 1250 2877 discriptione
1271 2852 1313 2857 —
1333 2832 1493 2867 vivendi.
1528 2831 1592 2866 das
1612 2831 1705 2866 erste
