1833 3098
190 94 274 134 146

708 95 756 130 Μ.
785 95 944 131 TULLII
972 96 1224 133 CICERONIS

188 210 272 243 tum
322 210 380 242 est
424 204 484 242 his
530 204 612 243 sere
659 204 806 244 verbis:
852 203 952 251 ‘Quo
998 218 1088 245 cum
1134 209 1344 260 venissem,
1394 210 1470 247 vita
1513 209 1575 248 illa
1620 210 1746 264 beata,

190 275 287 313 quae
321 262 538 314 ferebatur,
570 262 683 314 plena
710 263 932 303 {tallearum
959 264 1334 317 Syracusiarumque
1361 279 1603 320 mensarum,
1636 269 1744 309 nullo

188 321 303 359 modo
336 321 430 359 mihi
462 321 625 372 placuit:
669 322 728 360 bis
773 324 811 361 in
857 323 917 361 die
964 328 1140 362 saturum
1185 325 1269 363 fieri
1314 337 1385 363 nec
1429 338 1613 377 umquam
1656 340 1744 378 per-

189 386 348 418 noctare
394 379 536 432 solum,
582 387 807 433 ceteraque,
856 394 953 432 quae
998 383 1235 421 comitantur
1279 382 1370 422 huie
1415 385 1532 435 vitae,
1584 386 1624 423 in
1669 398 1745 437 qua

189 439 344 489 sapiens
386 451 499 477 nemo
545 439 737 478 efficietur
782 452 982 491 umquam,
1031 440 1254 479 moderatus
1299 454 1390 480 vero
1437 442 1558 481 multo
1602 445 1745 483 minus.

120 496 295 542 lolQuae
339 499 443 535 enim
485 504 622 536 natura
664 505 740 536 tam
782 498 1012 538 mirabiliter
1045 501 1256 550 temperari
1287 498 1446 551 potest?
1509 501 1593 546 Quo
1627 502 1742 540 niodo

187 557 307 605 igitur
340 557 509 595 iucunda
542 558 619 594 vita
651 563 780 607 potest
810 569 913 609 esse,
946 570 966 595 a
999 570 1075 608 qua
1101 557 1201 596 absit
1227 559 1454 610 prudentia,
1485 558 1587 598 absit
1615 559 1746 599 mode-

188 612 315 652 ratio?
377 614 433 652 Ex
467 627 543 664 quo
578 614 858 667 Sardanapalli,
891 616 1178 666 opulentissimi
1212 616 1344 667 Syriae
1378 619 1499 669 regis,
1536 629 1647 656 error
1679 618 1744 656 ad-

188 674 408 724 gnoscitur‚
442 674 508 722 qui
540 673 659 711 incidi
690 675 807 712 iussit
838 676 877 712 in
910 673 1041 713 busto:

369 744 479 781 llaec
510 745 654 791 habeo,
687 756 790 792 qaae
823 746 890 782 edi
919 756 1101 792 quaeque
1133 751 1382 783 exsaturata·
1406 748 1529 785 libido

365 803 520 847 hausi&
553 807 596 840 at
628 804 695 841 illa
729 805 862 841 Iacent
893 806 1016 841 malla
1050 809 1088 842 et
1113 806 1337 852 praeclara
1370 807 1525 843 rell'cla.

188 869 305 917 ‘Quid
345 869 463 910 aliud'
503 873 631 922 inquit
668 872 897 911 Aristoteles
937 869 992 910 ‘in
1030 872 1157 924 bovis,
1196 886 1274 912 non
1313 875 1352 912 in
1392 876 1495 924 regis
1534 875 1745 926 sepulchro

187 928 453 969 insol-iberes?
515 929 618 968 Haec
651 930 794 968 habere
829 942 869 969 se
903 936 1101 969 mortuum
1135 931 1247 983 dicit,
1285 944 1383 983 quae
1423 945 1470 971 ne
1512 935 1620 972 vivus
1660 936 1744 985 qui—

116 989 275 1027 102dem
317 989 464 1027 diutius
506 987 673 1027 habebat
715 1001 829 1039 quam
872 985 1103 1028 fruebatur?

1167 989 1245 1028 Cur
1287 991 1406 1040 igitur
1447 990 1601 1030 divitiae
1645 992 1747 1031 desi—

187 1048 393 1099 derentur,
425 1053 490 1085 aut
522 1046 589 1085 ubi
622 1053 831 1098 paupertas
864 1047 998 1086 beatos
1032 1060 1118 1086 esse
1145 1060 1223 1086 non
1250 1046 1370 1087 sinit‘?
1433 1048 1580 1101 Signis,
1613 1050 1746 1102 eredo,

186 1106 328 1145 tabulis
355 1105 500 1145 studes.

565 1105 606 1144 Si
633 1107 719 1156 quis
747 1112 807 1144 est
833 1108 899 1157 qui
926 1106 985 1144 his
1013 1106 1248 1159 delectetur,
1281 1119 1411 1146 nonne
1438 1108 1577 1147 melius
1604 1113 1745 1148 tenues

187 1165 363 1203 homines
397 1164 584 1203 fruuntur
617 1176 732 1215 quam
764 1165 836 1217 illi,
876 1166 943 1215 qui
983 1166 1029 1204 iis
1063 1163 1289 1204 abundant?
1351 1165 1423 1205 Est
1463 1168 1567 1206 enim
1609 1179 1746 1206 earum

186 1236 320 1262 rerum
348 1224 522 1262 omnium
555 1226 595 1262 ἱη
629 1229 762 1262 nostra
788 1223 886 1262 urbe
914 1235 1065 1262 summa
1097 1226 1136 1262 in
1169 1224 1325 1275 publico
1356 1226 1477 1275 copia.

186 1349 250 1384 der
287 1347 391 1382 Brief
434 1349 529 1382 nach
571 1347 684 1382 Dione
723 1348 823 1383 Tode
868 1359 931 1392 ge-

187 1395 379 1431 sehrieben
414 1395 476 1431 sei.
527 1394 623 1429 Dion
661 1395 730 1429 soll
768 1395 931 1429 namlich

185 1442 293 1477 Plato
320 1442 416 1476 nach
443 1441 602 1485 Syrakus
629 1442 782 1485 gerufen
807 1442 930 1476 haben

186 1490 262 1524 und
282 1499 358 1523 war
378 1488 447 1524 mit
465 1488 543 1522 ihm
568 1488 673 1533 innig
698 1488 929 1524 befreundet.

235 1548 313 1593 Quo
338 1558 418 1582 cum
442 1548 629 1582 venissem:
669 1546 832 1581 namlieh
866 1546 932 1582 auf

186 1596 250 1630 der
276 1595 397 1630 ersten
431 1593 537 1629 Reise
569 1594 665 1628 nach
692 1593 860 1637 Sicilien‚
900 1606 927 1628 s.

184 1655 212 1677 z.
241 1641 257 1675 I
285 1645 340 1684 17,
367 1645 422 1677 39.
756 1667 758 1669 .

234 1689 457 1724 Italicarum
494 1688 848 1733 Syracusiammzque
882 1698 926 1722 m.

184 1736 227 1771 In
253 1737 324 1770 den
350 1735 533 1770 Kolonien
565 1734 603 1769 in
629 1734 929 1779 Grossgrieehen-

185 1783 273 1818 land
307 1782 498 1817 herrschte
531 1794 613 1816 zum
647 1781 746 1825 Teii,
785 1781 853 1816 wie
890 1781 929 1816 in

186 1829 350 1874 Sybaris,
378 1828 438 1864 ein
464 1829 538 1863 viel
556 1828 740 1863 reicheres
760 1828 836 1863 und
861 1830 930 1873 iip-

185 1877 331 1922 pigeres
358 1876 482 1911 Leben
507 1875 563 1910 als
588 1875 640 1910 im
665 1875 926 1910 Mutterlande.

185 1924 332 1959 Siculae
357 1925 469 1967 dapes
495 1934 617 1957 waren
651 1923 746 1957 auch
771 1922 832 1957 bei
859 1922 930 1957 den

184 1971 346 2006 Remern
366 1970 675 2014 sprichwbrtlieh.
710 1969 798 2004 Hor.
820 1980 929 2005 carm.

184 2018 236 2052 III
264 2022 300 2061 1,
331 2020 384 2052 18.
434 2017 542 2051 Plato
573 2027 648 2061 rep.
683 2016 734 2049 III
760 2028 795 2060 p.
824 2017 931 2050 404d

185 2065 426 2107 Συρακοσίαν
451 2061 493 2098 δὲ
520 2061 710 2105 τράπεζαν
737 2062 801 2096 καὶ
821 2065 930 2097 Σικε-

184 2109 292 2156 λικήν
324 2111 513 2146 ποικιλίαν
547 2108 657 2155 ὄψου.
709 2109 931 2154 Syracusius

184 2159 234 2194 ist
259 2158 319 2193 die
346 2158 441 2192 auch
466 2157 519 2191 im
544 2157 687 2192 Latein.
719 2157 823 2191 nicht
858 2157 928 2191 sel-

184 2207 270 2241 tene
290 2203 517 2250 griechisehe
532 2204 641 2240 Form
661 2204 724 2238 des
739 2203 927 2248 Adjektiv.

234 2265 287 2299 bis
312 2264 353 2298 in
378 2265 436 2298 die
458 2266 625 2298 saturum
643 2263 733 2306 fieri.
784 2263 826 2297 In
846 2262 930 2297 dem

186 2310 436 2356 eigentliehen
469 2309 740 2345 Griechenland
771 2309 929 2344 bestand

187 2358 252 2392 (las
279 2356 508 2400 Frfihstfick,
535 2353 929 2409 &ptatov‚·usovfiufi9t-

185 2403 930 2504 aretusae&etatae1351}

185 2499 344 2543 wurde),
383 2510 452 2533 nur
487 2509 526 2532 1n
564 2508 684 2532 elnem
721 2508 815 2542 ganz
854 2508 929 2531 em-

186 2546 319 2580 faehen
356 2545 499 2588 Imbiss;
547 2545 664 2578 Leute
702 2555 774 2579 von
814 2545 929 2579 stren-

187 2603 292 2638 gerer
318 2592 405 2626 131ἢῇ
438 2591 646 2627 enthielten
678 2591 756 2626 sich
789 2590 926 2626 dessel-

184 2639 258 2674 ben
283 2650 392 2684 sogar
416 2650 520 2684 ganz.

237 2701 315 2733 101.
356 2701 493 2732 natura
536 2717 579 2722 —
625 2696 834 2740 temperari,
878 2695 928 2729 im

187 2744 332 2780 Griech.
360 2740 446 2779 053³
477 2740 572 2779 οὕτω
592 2743 793 2789 θαυμαστῇ
815 2740 928 2787 φύσει

187 2789 442 2836 κραθήσεται,
468 2790 690 2835 organisiert
716 2790 804 2826 sein.

235 2850 382 2895 Syriae,
409 2850 442 2885 d.
463 2850 486 2885 i.
505 2850 688 2895 Assyriae.
741 2848 806 2883 Bei
826 2848 928 2884 Grie-

1006 1349 1099 1382 chen
1124 1349 1199 1383 und
1224 1348 1384 1383 Remern
1411 1348 1505 1383 wird
1529 1349 1656 1395 haufig
1679 1351 1747 1384 As-

1005 1395 1123 1439 syrien
1152 1395 1282 1440 Syrien
1307 1397 1490 1440 generunt,
1525 1395 1594 1431 wie
1619 1407 1746 1441 umge-

1004 1442 1115 1476 kehri:
1140 1442 1236 1476 auch
1261 1442 1451 1477 bisweilen
1483 1443 1612 1486 Syrien
1637 1443 1750 1488 Assy-

1002 1488 1080 1523 rien
1108 1488 1227 1523 heisst.

1050 1535 1153 1570 Haec
1171 1536 1291 1570 habeo.
1316 1535 1450 1571 Athen.
1472 1535 1558 1570 VIII
1572 1548 1606 1581 p.
1623 1540 1690 1571 336
1706 1547 1749 1571 a:

1006 1579 1110 1616 [ξεῖν’
1141 1581 1229 1627 ἔχω,
1266 1578 1346 1616 ὅσσ’
1377 1581 1521 1626 ἔφαγον
1555 1584 1620 1617 καὶ
1655 1580 1747 1626 ἐφύ-

1288 1630 1394 1675 βρισα
1421 1629 1485 1663 καὶ
1510 1627 1579 1664 σὺν
1607 1628 1714 1672 ἔρωτι

1009 1674 1149 1720 Τέρπν’
1180 1674 1343 1711 ἔπαθον·
1383 1673 1428 1710 τὰ
1461 1675 1502 1711 δὲ
1535 1675 1651 1711 πολλὰ
1683 1676 1748 1712 καὶ

1230 1739 1238 1741 >
1288 1720 1396 1769 ὄλβια
1423 1720 1546 1757 πάντα
1565 1724 1747 1760 λέλυνται.

1004 1768 1104 1804 Stati:
1117 1768 1287 1804 λέλυνται
1313 1769 1457 1804 scheint
1471 1769 1542 1805 Cic.
1560 1770 1748 1805 λέλειπται

1004 1815 1152 1861 gelesen
1179 1829 1223 1851 zu
1248 1817 1381 1852 haben.
1431 1817 1480 1851 Es
1506 1817 1644 1862 gingen
1676 1817 1748 1852 den

1002 1863 1083 1897 hier
1110 1862 1356 1908 angeffihrten
1382 1865 1477 1898 noch
1501 1864 1582 1899 eine
1603 1864 1746 1898 Anzahl

1005 1910 1116 1945 Verse
1144 1921 1258 1945 voran
1283 1910 1359 1945 und
1384 1911 1527 1955 folgten
1553 1915 1572 1945 2
1600 1911 1707 1946 nach.

1051 1958 1270 1992 Aristoteles.
1321 1957 1526 2003 Jedenfalls
1560 1958 1599 1992 in
1625 1957 1748 1993 einem

1006 2004 1125 2038 seiner
1156 2004 1329 2048 Dialoge;
1369 2004 1437 2038 wie
1472 2004 1634 2048 Bernays
1666 2004 1748 2038 Ari-

1005 2051 1090 2086 stot.
1124 2050 1280 2095 Dialoge
1312 2063 1346 2104 p.
1385 2055 1429 2085 90
1467 2052 1669 2095 vermuteb,
1707 2051 1746 2085 in

1005 2097 1088 2132 dem
1115 2097 1249 2142 Dialog
1275 2100 1474 2141 Κορινθος.
1525 2096 1614 2132 Dass
1649 2098 1746 2133 auch

1004 2144 1062 2178 die
1090 2145 1218 2179 IVorte
1250 2144 1352 2179 Haec
1378 2164 1422 2169 —
1454 2145 1646 2187 fruebatur
1678 2155 1747 2180 aus

1003 2191 1221 2226 Aristoteles
1257 2201 1477 2235 genommen
1509 2191 1608 2235 sind,
1647 2192 1746 2236 zeigt

1003 2238 1048 2272 de
1075 2238 1134 2272 fin.
1162 2238 1196 2272 II
1222 2242 1283 2281 32,
1320 2242 1384 2273 106
1413 2258 1456 2262 —
1482 2248 1557 2272 uon
1580 2239 1746 2284 intellego

1003 2295 1068 2320 cur
1105 2285 1316 2319 Aristoteles
1360 2284 1627 2329 Sardanapalli
1670 2286 1742 2329 epi-

1001 2342 1166 2376 9ramma
1191 2335 1374 2376 tantopere
1399 2332 1561 2367 derideat
1580 2352 1624 2357 -—
1640 2331 1745 2377 Quod

1002 2380 1095 2413 enim
1120 2390 1165 2413 ne
1188 2379 1292 2413 vivus
1311 2379 1470 2423 quidem,
1495 2379 1634 2423 inquit,
1660 2379 1743 2414 diu-

1002 2426 1076 2460 tius
1095 2427 1225 2460 sentire
1242 2428 1394 2470 poterat,
1414 2436 1522 2470 quam
1540 2426 1628 2460 dum
1645 2425 1743 2468 frue-

1003 2473 1129 2515 batur,
1163 2473 1335 2517 quomodo
1372 2473 1412 2507 id
1444 2473 1568 2517 potuit
1604 2476 1745 2508 mortuo

998 2530 1096 2564 perm
1102 2530 1207 2554 (mere
1215 2519 1234 2553 12

1052 2570 1129 2601 102.
1156 2566 1282 2611 Siquis
1302 2586 1346 2591 --
1366 2566 1502 2601 tabulis
1520 2566 1659 2601 studes:
1684 2565 1744 2600 ein

986 2612 1295 2658 ‚zweigliedriges
1309 2612 1525 2658 Asyndeton
1549 2612 1743 2648 dex-selben

1002 2660 1071 2694 Art
1096 2660 1164 2695 wie
1197 2659 1214 2694 1
1240 2663 1259 2702 ξ
1286 2663 1353 2695 110
1385 2660 1612 2706 Lycur-qum,
1645 2658 1745 2694 Solo-

1002 2718 1090 2742 nem.
1140 2707 1215 2742 Das
1254 2706 1468 2751 Asyndeton
1513 2706 1642 2741 deutet
1684 2716 1743 2750 an,

1002 2753 1082 2788 dass
1115 2765 1200 2789 man
1231 2766 1300 2788 nur
1332 2757 1351 2788 2
1378 2752 1560 2798 Beispiele
1591 2752 1743 2787 heraus-

1002 2801 1135 2846 greffe,
1195 2801 1283 2836 aber
1335 2800 1502 2835 mehrere
1563 2798 1743 2834 anffihren

1001 2848 1134 2882 kenne.

1541 1225 1648 1271 Quae
1675 1227 1745 1277 qui
1813 1233 1817 1236 ’
