1811 3103
312 114 706 151 TUSCULANARUM
732 113 1130 150 DISPUTATIONUM
1157 113 1198 148 V.
1227 117 1374 148 66-70.
1539 111 1618 153 131

81 229 120 266 in
152 228 310 266 ratione
342 225 511 278 vivendi,
549 227 688 264 tertius
726 227 765 264 in
804 223 1009 263 iudicando
1049 224 1141 274 quid
1180 225 1320 274 cuique
1361 225 1417 262 rei
1450 225 1500 262 sit
1531 234 1621 261 con-

81 296 266 336 sequens,
305 284 397 335 quid
435 296 673 336 repugnans,
711 285 749 323 in
789 295 864 334 quo
905 283 1007 321 inest
1039 283 1164 320 omnis
1197 293 1284 320 cum
1319 282 1513 321 subtilitas
1545 281 1621 319 dis·

79 341 234 383 serendi
273 348 355 381 tum
393 345 534 382 veritas
572 341 779 382 iudicandi.
841 341 926 387 Quo
970 339 1125 378 tandem
1171 341 1289 389 igitur
1329 341 1467 390 gaudio
1509 340 1620 378 adlici
1635 347 1679 379 69

78 413 239 441 necesse
278 407 338 440 est
375 403 560 453 sapientis
599 403 767 440 animum
808 412 896 439 cum
935 398 995 437 his
1033 397 1271 436 habitantem
1309 404 1621 448 pernoctantem-

79 472 154 512 que
188 461 310 511 curis,
352 466 395 499 ut
427 472 515 499 cum
547 461 666 499 totius
699 458 832 497 mundi
864 461 993 496 motus
1026 457 1380 507 conversionesque
1413 469 1621 508 perspexe-

79 521 131 558 rit
173 518 378 569 sideraque
423 519 562 557 viderit
610 516 906 556 innumerabilia
957 515 1062 554 caelo
1114 515 1356 553 inhaerentia
1404 527 1493 553 cum
1538 516 1622 553 eius

79 578 202 629 ipsius
234 583 341 616 motu
375 588 592 629 congruere
624 577 742 614 certis
768 575 883 614 infixa
911 574 1081 626 sedibus,
1114 580 1261 625 septem
1289 573 1360 611 alia
1388 585 1479 611 suos
1506 585 1620 623 quae-

78 648 153 687 que
192 641 326 674 tenere
366 647 504 675 cursus
542 634 707 674 multum
746 635 848 673 inter
887 645 927 672 se
967 639 1032 672 aut
1070 632 1272 671 altitudine
1309 638 1374 671 aut
1405 631 1621 670 humilitate

77 694 270 746 distantia,
303 706 469 746 quorum
502 695 585 744 vagi
618 699 746 732 motus
778 698 858 731 rata
891 698 1019 731 tamen
1058 698 1097 730 et
1129 697 1234 730 certa
1271 693 1331 729 sui
1364 703 1503 729 cursus
1536 701 1621 741 spa-

78 755 129 793 tia
167 753 351 792 definiant
386 774 434 779 —
470 752 609 791 horum
648 753 831 790 nimirum
871 756 1052 802 aspectus
1090 749 1231 801 inpulit
1268 749 1354 788 illos
1394 756 1545 788 veteres
1585 754 1623 787 et

78 811 295 863 admonuit,
334 818 377 850 ut
407 810 518 862 plura
551 816 797 862 quaererent.
859 809 951 848 Inde
985 815 1044 848 est
1075 808 1268 860 indagatio
1302 814 1389 847 nata
1420 809 1620 847 initiorum

77 877 117 910 et
148 876 343 920 tamquam
376 870 580 921 seminum,
612 869 716 908 unde
750 874 882 908 essent
914 870 1041 906 omnia
1074 874 1168 920 orta,
1201 872 1394 918 generata,
1428 871 1622 917 concreta,

76 940 252 980 quaeque
286 929 477 979 cuiusque
510 929 664 979 generis
696 927 756 967 vel
786 929 946 966 inanimi
978 927 1037 965 vel
1076 927 1300 978 animantis,
1341 926 1400 964 vel
1433 927 1530 964 muti
1562 923 1622 963 vel

74 987 271 1038 loquentis
304 988 431 1038 origo,
471 999 568 1038 quae
601 989 694 1039 vita,
732 988 798 1038 qui
837 988 1020 1025 interitus
1053 997 1229 1037 quaeque
1262 997 1308 1023 ex
1341 984 1413 1023 alio
1446 986 1484 1023 in
1518 982 1620 1022 aliud

70 1045 298 1085 vicissitudo
331 1050 446 1097 atque
480 1047 653 1098 mutatio,
686 1045 788 1084 unde
822 1051 924 1084 terra
958 1050 995 1083 et
1029 1044 1171 1095 quibus
1203 1043 1340 1082 librata
1366 1042 1618 1094 ponderibuS,

74 1103 216 1156 quibus
261 1106 437 1143 cavernis
482 1106 600 1143 maria
645 1106 929 1156 sustineantur,
974 1115 1048 1154 qua
1095 1104 1221 1141 onmia
1267 1102 1390 1141 delata
1434 1103 1620 1153 gravitate

70 1163 243 1202 medium
280 1163 414 1202 mundi
452 1162 582 1202 locum
625 1175 779 1215 semper
818 1168 1018 1214 expetant,
1057 1163 1123 1213 qui
1162 1167 1221 1200 est
1259 1161 1361 1200 idem
1393 1161 1548 1199 intimus
1579 1161 1618 1198 in
1667 1191 1686 1199 -

69 1222 252 1261 rutundo.
315 1221 417 1260 Haec
450 1223 633 1261 tractanti
665 1223 793 1261 animo
827 1229 865 1261 et
897 1226 1032 1260 noctes
1066 1227 1103 1259 et
1135 1220 1218 1259 dies
1248 1222 1433 1270 cogitanti
1466 1219 1619 1258 exsistit
1635 1204 1690 1274 75³

69 1323 174 1368 giebt
211 1323 281 1357 den
317 1322 588 1358 theoretischen
625 1322 706 1357 Teii
746 1322 810 1357 der

68 1370 199 1412 Ethik,
222 1369 280 1404 die
297 1369 548 1415 Feststellung
566 1369 630 1404 der
644 1370 809 1405 Grenzen

69 1429 143 1453 von
156 1416 229 1451 Gula
250 1417 324 1452 und
338 1417 447 1460 Βὸεθ,
469 1417 502 1451 (1.
517 1417 540 1451 i.
561 1417 750 1461 discriptio
765 1437 807 1441 —-

68 1475 188 1500 rerum
197 1477 210 1506 ‚·
254 1463 319 1499 das
365 1464 492 1499 zweite
537 1464 605 1498 den
654 1467 808 1509 parane-

69 1511 214 1547 tischen
228 1510 322 1554 Teii,
347 1511 406 1545 die
425 1510 722 1555 Pflichtenlehre,
750 1522 808 1555 an,

70 1559 129 1594 die
154 1561 172 1601 ἕ
197 1561 239 1593 71
266 1557 335 1592 mit
359 1558 536 1603 deyeridae
561 1559 689 1593 aetatis
713 1559 809 1593 ratio

69 1605 285 1641 bezeichnet
309 1605 410 1640 wird.
462 1604 504 1639 In
533 1604 604 1639 den
629 1605 736 1640 Hdss.
761 1605 811 1640 ist

72 1652 132 1688 die
177 1652 289 1687 Stelle
334 1652 418 1687 sehr
460 1651 684 1696 verdorben‚
728 1652 811 1687 dort

73 1699 174 1735 steht
196 1710 362 1734 verarum
387 1710 431 1733 rie
455 1700 607 1734 vivendi.

119 1750 174 1782 69.
211 1747 326 1781 curis:
358 1756 466 1781 curae
496 1763 539 1775 =
567 1743 809 1791 μελετήματα,

71 1793 166 1829 auch
212 1804 284 1828 von
328 1793 698 1828 wissenschaftlicher
741 1793 808 1828 Be-

71 1840 318 1885 sebastigung.

117 1891 158 1923 ut
178 1897 257 1922 cum
280 1908 319 1913 —
338 1888 570 1931 perspexerit,
596 1900 625 1922 z.
640 1886 680 1920 B.
702 1898 808 1922 wenn

72 1946 110 1970 er
128 1934 350 1969 betrachtet.
377 1935 601 1979 perspeoeerit
619 1933 669 1968 ist
681 1934 806 1968 Futur.

72 1983 256 2025 exactum,
291 1980 354 2016 das
386 1982 527 2026 gesetzt
555 1981 619 2023 ist,
656 1980 739 2016 weil
770 1981 808 2016 in

71 2039 206 2065 necesse
248 2031 297 2064 est
334 2028 446 2072 affici.
479 2028 542 2063 der
580 2028 668 2063 Sinn
709 2028 807 2063 eines

70 2077 249 2111 Futurum
285 2074 388 2120 liegt.
438 2075 560 2110 Andre
597 2075 731 2110 wollen
768 2078 809 2110 ut

71 2123 125 2158 als
155 2121 398 2158 konsekutive
429 2121 594 2157 Partikel
630 2122 704 2157 und
737 2122 808 2157 den

70 2180 210 2216 ganzen
253 2169 338 2204 Satz
382 2169 436 2204 als
474 2168 687 2204 Anakoluth
732 2170 808 2204 auf-

71 2218 208 2259 fassen,
242 2227 281 2252 so
308 2216 386 2251 dass
419 2215 483 2251 der
507 2227 579 2251 von
604 2219 646 2251 ut
670 2216 807 2251 abhan-

71 2263 156 2310 gige
184 2243 270 2298 S'atz
296 2263 401 2307 fehlt,
431 2263 519 2297 aber
544 2263 608 2298 der
634 2262 807 2298 Gedanke

69 2315 87 2354 ξ
115 2315 158 2346 70
183 2310 252 2345 mit
276 2310 379 2346 Haec
403 2311 577 2345 tractanti
597 2330 640 2335 —
667 2311 808 2346 eccsistit

68 2359 136 2393 illa
171 2357 326 2402 coquitio
361 2357 644 2402 aufgenommen
675 2357 806 2392 werde.

68 2405 143 2440 Das
175 2404 300 2439 wiirde
332 2403 390 2439 ein
421 2404 638 2439 Anakoluth
671 2404 807 2440 dersel-

65 2452 139 2488 ben
170 2453 238 2486 Art,
274 2451 367 2495 sein,
406 2450 475 2486 wie
512 2451 562 2485 IV
589 2456 649 2496 35,
678 2455 720 2486 75
759 2455 809 2487 est

66 2499 227 2544 profecto
257 2499 362 2533 nulla
394 2499 644 2541 vehementior,
680 2502 739 2541 ut,
776 2500 809 2534 si

70 2546 808 2637 Ε”ὶᾶἴέἶ,ἱιῖ-ἒῗαὲῗζοῖῖῗζιῖάίῗέῗεῇζαεῖῑ

69 2641 175 2683 foeda
204 2651 272 2685 per
307 2650 342 2675 se
375 2643 425 2674 est
460 2640 551 2674 statis
578 2640 807 2683 perturbatio

71 2707 113 2712 —
140 2688 197 2722 sit.
246 2686 330 2732 Vgl.
358 2687 390 2721 V
417 2690 472 2729 29,
499 2690 553 2721 82.

118 2737 246 2778 septem
280 2734 374 2777 alia,
410 2733 469 2768 die
495 2732 578 2767 ffinf
601 2733 670 2768 deu
696 2733 807 2768 Alten

70 2781 283 2816 bekannten
297 2780 474 2816 Planeten
489 2780 662 2824 (Merkur,
671 2780 806 2824 Venus,

70 2827 182 2871 Mars,
208 2827 364 2872 Jupiter,
392 2827 538 2870 Saturn)
565 2827 672 2862 nebst
688 2826 806 2862 Sonne

68 2875 145 2910 und
169 2875 291 2910 Mond.

930 1323 1013 1367 (ἀφ’
1038 1325 1164 1364 motus,
1190 1334 1216 1355 s.
1244 1334 1271 1355 z.
1299 1321 1314 1354 Ι
1342 1325 1397 1364 25,
1426 1325 1479 1356 62.

928 1369 1073 1404 Horum
1104 1389 1146 1394 -—
1179 1370 1385 1413 adspectus:
1423 1368 1622 1403 denselben

882 1416 1083 1451 Gedanken
1115 1414 1384 1450 ausffihrlieher
1408 1415 1423 1448 I
1453 1419 1505 1459 19,
1531 1418 1575 1450 45
1596 1414 1619 1449 f.

927 1479 1110 1520 tamquam
1141 1475 1332 1510 seminum:
1371 1474 1429 1509 die
1462 1474 1621 1509 altesten

881 1521 1249 1567 Naturphilosophen
1303 1521 1450 1566 fragten
1504 1521 1621 1565 nicht,

882 1569 1058 1604 wodurch
1090 1569 1149 1604 die
1177 1569 1277 1603 Welt
1303 1568 1524 1603 entstanden
1556 1568 1620 1612 sei,

883 1617 1038 1651 sondern
1064 1627 1218 1658 ποι-ειυς,
1245 1627 1272 1650 z.
1294 1615 1333 1651 B.
1361 1616 1407 1651 ob
1433 1627 1497 1650 aus
1515 1615 1621 1649 Was-

884 1674 940 1698 ser
966 1663 1055 1698 oder
1080 1663 1177 1698 Luft.

929 1723 1031 1764 muti,
1057 1721 1115 1756 die
1141 1722 1248 1756 bruta
1274 1722 1452 1756 animalia
1476 1721 1526 1755 im
1551 1720 1619 1756 Ge-

881 1771 1031 1814 gensatz
1058 1781 1101 1802 zu
1126 1769 1196 1803 den
1222 1769 1292 1803 mit
1310 1769 1411 1803 Rede
1437 1769 1621 1813 begabten

882 1817 1054 1861 (loquens)
1082 1816 1290 1851 Menschen.

929 1876 1024 1910 unde
1048 1878 1146 1909 terra
1172 1877 1204 1909 et
1227 1875 1358 1919 quibus
1384 1878 1444 1909 cet.
1466 1894 1508 1899 —-
1530 1875 1619 1918 ord„

880 1922 1054 1957 wodurch
1092 1921 1167 1956 und
1205 1921 1320 1956 durch
1358 1921 1516 1956 welches
1551 1921 1620 1956 Ge-

881 1969 1002 2004 wicht.

926 2017 1058 2061 quibus
1083 2037 1125 2041 —
1152 2017 1418 2058 sustineantur,
1445 2015 1620 2051 wodurch

881 2074 918 2098 es
945 2064 1108 2105 komme,
1143 2062 1221 2097 dass
1254 2063 1317 2098 das
1348 2063 1448 2097 Meer
1479 2063 1517 2097 in
1549 2063 1620 2097 den

881 2110 1010 2145 Tiefen
1059 2111 1123 2145 der
1165 2110 1262 2144 Erde
1305 2109 1619 2154 zurfiokgehalten

879 2158 1000 2192 werde
1034 2157 1110 2192 und
1144 2157 1247 2192 nicht
1282 2157 1346 2192 das
1373 2157 1477 2191 Land
1512 2157 1619 2191 iiber-

880 2204 979 2248 flute,
1006 2204 1086 2240 eine
1111 2204 1241 2249 Frage,
1268 2203 1406 2238 welche
1433 2203 1491 2238 dje
1518 2204 1620 2239 alten

879 2251 1130 2296 Philosophen
1179 2251 1254 2286 und

879 2297 954 2333 viel
980 2298 1233 2343 beschaftigte.

881 2356 980 2380 cures
1014 2356 1105 2390 quae
1143 2357 1240 2380 mare
1274 2348 1495 2389 compescant
1534 2356 1617 2380 cau-

879 2403 948 2428 sae.
999 2392 1110 2437 Verg.
1139 2392 1267 2437 Georg.
1302 2392 1335 2426 Π
1368 2396 1436 2427 479
1474 2403 1545 2437 qua
1582 2392 1619 2427 vi

880 2440 999 2475 maria
1025 2441 1099 2474 alta
1128 2443 1324 2474 tmnescaut
1343 2440 1504 2475 obzcibus
1532 2450 1617 2483 rup-

879 2488 926 2522 tis
945 2497 1153 2532 ,νῑιὶετιεᾳῑιε
1190 2489 1230 2521 in
1267 2498 1302 2522 se
1332 2488 1411 2530 ipsa
1446 2487 1617 2522 residant.

881 2554 923 2558 —
939 2533 1037 2569 Uber
1064 2534 1134 2569 den
1154 2533 1382 2578 Konjunktiv
1401 2533 1617 2576 Praesentis,

880 2581 1055 2616 wahrend
1094 2592 1225 2616 vorans
1228 2581 1317 2626 geht
1355 2584 1483 2623 esseut,
1523 2592 1549 2614 s
1589 2593 1616 2614 z

879 2628 929 2662 III
945 2632 1000 2671 15,
1016 2632 1058 2663 32
1080 2639 1159 2664 cum
1180 2629 1336 2663 venisset.
1370 2627 1500 2672 Vg1.V
1516 2631 1545 2668 7,
1563 2630 1616 2661 18.

926 2697 998 2730 qua
1023 2687 1072 2721 ist
1096 2686 1164 2721 mit
1196 2687 1373 2731 gravitate
1408 2697 1449 2719 zu
1475 2684 1617 2719 verbin-

880 2733 960 2767 den.
991 2733 1065 2767 Das
1080 2732 1268 2768 Genauere
1282 2733 1371 2767 iiber
1386 2731 1484 2766 diese
1500 2731 1616 2765 Lehre

880 2791 904 2814 s·
927 2779 1096 2861 jutlcnlcgo.
1112 2783 1244 2860 4(1)]'jese
1265 2826 1373 2860 Form
1393 2824 1518 2858 bieten
1538 2823 1617 2858 hier

880 2873 948 2908 wie
985 2874 1000 2907 Ι
1042 2876 1100 2912 18,
1139 2876 1182 2907 42
1245 2872 1304 2907 die
1347 2873 1475 2907 besten
1512 2870 1614 2906 Hdss.

1290 2931 1335 2965 9*

1301 2250 1621 2286 Naturhistoriker

1278 2298 1365 2333 Hor.
1387 2309 1442 2342 ep.
1462 2298 1478 2332 I
1500 2302 1553 2339 12,
1577 2301 1618 2332 16
