1790 3103
285 109 681 148 TUSCULANARUM
707 109 1108 144 DISPUTATIONUM
1136 110 1196 145 IV.
1225 113 1373 145 55—59.
1552 110 1605 150 Sl

54 226 129 265 dus
162 235 266 275 esse,
298 224 337 260 iu
371 234 446 272 quo
480 223 554 272 ira,
592 232 669 259 non
702 219 930 269 iracundus,
968 221 1007 256 in
1047 231 1123 269 quo
1164 232 1302 270 angor,
1343 232 1418 257 non
1457 221 1608 270 anxius,

0 280 1 285 ’
55 286 96 334 in
129 294 206 333 quo
239 283 372 332 timor,
405 292 481 318 non
516 275 702 318 timidus?
763 277 1033 316 Libidinosum
1071 278 1190 326 igitur
1230 283 1267 315 et
1307 277 1536 316 iracundum
1569 284 1607 316 et

55 343 213 381 anxium
255 346 294 378 et
335 338 511 378 timidum
546 349 750 376 censemus
793 348 878 374 esse
921 333 1164 386 sapientem?
1228 335 1280 373 De
1327 337 1437 373 cuius
1483 336 1607 375 excel-

54 400 173 439 lentia
204 398 324 437 multa
357 396 513 447 quidem
546 396 622 435 dici
661 396 834 446 quamvis
877 395 960 432 suse
999 393 1153 444 lateque
1192 399 1374 444 possunt,
1414 394 1480 431 sed
1519 394 1606 433 bre-

0 458 3 500 ἓ
55 459 212 497 vissime
244 456 309 494 illo
337 455 470 508 modo,
501 456 729 506 sapientiam
756 465 841 491 esse
870 464 1001 491 rerum
1029 452 1247 490 divinarum
1281 457 1318 490 et
1350 451 1607 490 humanarum

57 517 260 556 scientiam
300 515 657 564 cognitionemque,
697 523 795 562 quae
834 512 1025 561 cuiusque
1070 512 1129 549 rei
1173 522 1289 548 causa
1327 511 1393 560 sit3
1439 522 1484 547 ex
1531 523 1607 560 quo

55 575 245 625 efficitur,
278 578 319 611 ut
353 572 481 610 divina
514 573 706 622 imitetur,
738 569 904 608 humana
937 570 1066 607 omnia
1097 569 1285 607 inferiora
1310 570 1453 607 virtute
1480 567 1608 607 ducat.

56 633 99 672 In
131 632 231 670 hanc
266 637 304 670 tu
338 632 476 682 igitur,
508 637 704 680 tamquam
735 630 774 667 in
808 640 933 679 mare,
972 627 1075 678 quod
1115 633 1174 666 est
1211 628 1336 666 ventis
1376 626 1609 678 subiectum,

54 689 392 744 perturbationem
425 689 562 728 cadere
596 687 665 725 tibi
703 687 835 725 dixisti
868 683 1018 724 videri?
1081 685 1181 731 Quid
1222 691 1282 724 est
1321 685 1424 736 quod
1464 691 1608 724 tantam

55 750 284 801 gravitatem
323 748 660 796 constantiamque
698 742 932 796 perturbet?
975 757 1022 783 an
1068 745 1311 796 inprovisum
1355 743 1499 794 aliquid
1544 751 1610 783 aut

54 803 334 859 repentinum?
396 804 497 850 Quid
529 810 660 856 potest
685 804 862 842 accidere
897 803 969 842 tale
1003 805 1050 855 ei,
1083 804 1147 841 cui
1180 802 1291 854 nihil,
1325 802 1427 853 quod
1462 802 1609 841 homini

55 867 213 905 evenire
244 865 385 916 possit,
426 875 504 902 non
540 864 877 912 praemeditatum
918 864 995 900 sit?
1057 861 1153 900 Nam
1196 861 1300 912 quod
1341 863 1449 899 aiunt
1491 862 1608 899 nimia

55 924 226 963 resecari
258 928 460 974 oportere,
493 921 682 960 naturalia
714 921 902 972 relinqui,
935 920 1028 971 quid
1062 919 1216 959 tandem
1250 926 1379 971 potest
1418 931 1503 958 esse
1544 932 1607 957 na-

54 981 199 1033 turale,
232 981 335 1032 quod
368 980 471 1019 idem
504 981 667 1019 nimium
700 991 785 1018 esse
818 977 970 1030 possit?
1027 978 1127 1017 Sunt
1159 980 1262 1017 enim
1294 979 1422 1017 omnia
1454 980 1528 1016 ista
1562 990 1607 1016 ex

55 1052 236 1080 errorum
263 1044 347 1078 orta
374 1038 588 1090 radicibus,
622 1050 719 1089 quae
748 1037 945 1077 evellenda
979 1043 1017 1075 et
1051 1037 1286 1076 extrahenda
1319 1038 1495 1088 penitus,
1527 1048 1606 1075 non

56 1098 373 1138 circumcidenda
406 1110 478 1136 nec
511 1097 744 1148 amputanda
776 1102 878 1135 sunt.

175 1156 251 1195 Sed
285 1157 468 1207 quoniam
500 1157 679 1207 suspicor
718 1161 755 1194 te
795 1167 872 1193 non
911 1160 988 1193 tam
1027 1154 1073 1192 de
1115 1155 1288 1205 sapiente
1329 1166 1445 1204 quam
1486 1153 1533 1192 de
1572 1159 1609 1192 te
1625 1135 1680 1218 {g

54 1217 141 1268 ipso
174 1227 365 1266 quaerere
398 1237 452 1240 —
485 1214 594 1253 illum
627 1215 730 1252 enim
762 1218 876 1264 putas
914 1214 1019 1251 omni
1054 1212 1349 1263 perturbatione
1389 1224 1475 1250 esse
1515 1211 1609 1250 libe·

55 1286 163 1325 rum,
195 1279 232 1312 te
265 1274 322 1311 vis
349 1295 422 1323 —,
455 1272 654 1310 videamus
681 1278 823 1322 quanta
851 1273 945 1322 sint,
978 1283 1077 1322 quae
1111 1283 1130 1308 a
1162 1270 1406 1322 philosophia
1440 1270 1610 1309 remedia

53 1331 202 1372 morbis
228 1333 447 1370 animorum
474 1330 743 1369 adhibeantur.
806 1330 876 1368 Est
908 1331 1012 1368 enim
1045 1329 1235 1380 quaedam
1266 1329 1458 1367 medicina
1490 1335 1609 1380 certe,

55 1403 129 1430 nec
167 1396 246 1429 tam
287 1390 360 1429 fuit
400 1389 602 1428 hominum
645 1390 781 1440 generi
820 1389 971 1427 infensa
1012 1394 1128 1439 atque
1170 1389 1326 1426 inimica
1368 1393 1523 1439 natura,
1568 1393 1612 1426 ut

56 1448 289 1500 corporibus
327 1454 383 1487 tot
421 1460 484 1486 res
525 1448 731 1499 salutares,
771 1448 909 1486 animis
948 1447 1093 1485 nullam
1131 1448 1342 1498 invenerit,
1380 1446 1428 1484 de
1467 1445 1612 1497 quibus

55 1507 131 1546 hoc
163 1508 279 1545 etiam
312 1512 371 1545 est
402 1508 541 1545 merita
567 1506 724 1558 melius,
758 1507 861 1557 quod
888 1518 1099 1557 corporum
1126 1505 1349 1544 adiumenta
1375 1504 1611 1543 adhibentur

55 1567 315 1617 extrinsecus,
335 1566 553 1604 animorum
581 1565 685 1604 salus
712 1565 862 1606 inclusa
888 1566 928 1603 in
948 1564 1008 1603 his
1029 1565 1124 1616 ipsis
1146 1570 1215 1603 est.
1279 1563 1355 1602 Sed
1384 1576 1460 1614 quo
1490 1565 1612 1602 maior

55 1630 118 1664 est
161 1625 201 1662 in
246 1626 302 1662 eis
346 1625 583 1674 praestantia
623 1629 661 1662 et
699 1623 884 1675 divinior,
929 1636 973 1661 eo
1013 1624 1159 1661 maiore
1192 1622 1370 1673 indigent
1402 1621 1611 1673 diligentia.

57 1683 191 1733 Itaque
218 1682 319 1721 bene
346 1682 516 1721 adhibita
542 1684 640 1721 ratio
668 1684 794 1721 cernit
820 1681 913 1733 quid
940 1687 1145 1733 optumum
1178 1683 1244 1733 sit,
1276 1681 1454 1732 neglecta
1479 1680 1612 1719 multis

56 1741 267 1793 inplicatur
299 1740 514 1780 erroribus.
576 1741 633 1780 Ad
677 1747 715 1779 te
759 1743 878 1792 igitur
921 1740 1017 1779 mihi
1059 1742 1136 1779 iam
1180 1739 1443 1778 convertenda
1487 1741 1613 1777 omnis
1628 1746 1671 1777 59

57 1801 181 1839 oratio
214 1805 289 1851 est3
328 1799 487 1838 simulas
526 1801 628 1838 enim
663 1811 852 1850 quaerere
892 1804 929 1837 te
970 1799 1017 1837 de
1056 1800 1249 1850 sapiente,
1295 1799 1450 1849 quaeris
1483 1804 1614 1836 autem

57 1858 223 1897 fortasse
252 1858 299 1896 de
326 1863 376 1897 te.
427 1857 573 1896 Earum
605 1859 725 1909 igitur
751 1857 1110 1909 perturbationum,
1144 1869 1239 1908 quas
1272 1858 1452 1909 exposui,
1485 1858 1612 1894 variae

57 1922 150 1956 sunt
182 1917 416 1955 curationes.
479 1916 575 1954 Nam
607 1928 735 1967 neque
767 1918 894 1955 omnis
927 1916 1128 1967 aegritudo
1156 1928 1232 1954 una
1259 1916 1408 1953 ratione
1435 1914 1613 1965 sedatur,

104 2021 160 2052 57.
186 2018 350 2062 quamvis
374 2018 470 2060 fuse,
506 2018 539 2052 d.
565 2018 587 2052 i.
615 2021 689 2052 tam
719 2018 800 2059 fuse

55 2075 165 2110 quam
189 2065 254 2098 vis.

14 2109 15 2113 ’
105 2111 323 2155 sapientiam
342 2121 412 2146 esse
432 2112 518 2154 cet„
546 2111 604 2146 die
627 2111 798 2156 gewohn-

58 2157 156 2193 116116
194 2157 354 2193 stoisohe
392 2157 609 2202 Definition‚
653 2157 691 2192 111
735 2158 799 2192 der

61 2204 228 2250 sogleich
253 2204 312 2239 die
333 2204 565 2249 Dreiteilung
591 2205 655 2239 der
675 2204 797 2240 Philo—

61 2251 190 2296 sophie
215 2251 254 2285 in
279 2251 420 2295 Physik
440 2252 487 2294 ((1.
509 2251 532 2286 1.
553 2262 608 2287 'res
626 2252 799 2296 divinae),

60 2298 190 2341 Euan,
219 2297 338 2342 Logik
365 2298 588 2342 angedeutet
614 2297 680 2342 ist,
715 2310 740 2334 3.
768 2299 801 2332 V

61 2349 101 2389 3,
135 2349 165 2379 7.
216 2344 290 2379 Der
329 2344 461 2379 Zusatz
498 2346 801 2390 coynitionemque

61 2393 129 2428 cet.
156 2390 252 2426 fehlt
277 2392 373 2425 auch
398 2391 598 2427 bisweilen.

108 2439 168 2474 cui
204 2439 299 2473 nihil
337 2459 380 2462 —
419 2449 491 2473 non
523 2450 661 2483 prae-m.
712 2439 800 2474 Der-

62 2485 162 2521 selbe
183 2484 359 2520 Gedanke
379 2486 650 2521 ausfiihrlicher
671 2490 726 2529 17,
744 2490 799 2521 37.

109 2532 198 2577 quid
217 2533 361 2567 tandem
376 2536 492 2576 potest
511 2544 581 2567 esse
601 2534 670 2568 cet.
720 2533 801 2567 Den

63 2578 206 2623 Begriff
239 2579 302 2614 des
340 2578 460 2614 Guten
504 2580 579 2614 und
618 2581 801 2625 Naturge—

63 2625 203 2660 massen
258 2627 398 2661 setzten
455 2626 513 2660 die
565 2626 712 2661 Stoiker
764 2628 802 2661 111

65 2671 246 2708 sohroffen
261 2672 468 2717 Gegensatz
490 2685 534 2707 zu
555 2673 716 2708 anderen
737 2674 802 2708 Be-

65 2718 205 2764 griffen.
261 2719 413 2763 Nicht-s,
452 2720 703 2764 behaupteten
740 2721 803 2763 sie,

65 2765 120 2801 sei
143 2768 229 2811 gut,
268 2767 332 2800 das
370 2766 465 2801 auch
503 2766 583 2801 eine
617 2767 803 2802 schlechte

65 2812 308 2857 Anwendung
326 2813 450 2848 finden
468 2813 607 2858 konne,
634 2814 707 2848 und
727 2814 803 2857 das,

65 2871 141 2894 was
161 2860 298 2894 einmai
317 2860 569 2905 naturgemiiss
591 2861 662 2905 sei,
682 2861 804 2896 konne

136 2924 259 2957 Hnmn,
279 2924 339 2951 Cic.
360 2925 482 2951 Tuscul.
521 2927 544 2950 2.
567 2926 651 2951 Heft.

873 2017 984 2060 auch,
1023 2028 1130 2051 wenn
1169 2028 1206 2051 es
1243 2016 1447 2061 gesteigert
1480 2016 1613 2057 werde,

871 2064 997 2098 diesen
1040 2063 1244 2098 Charakter
1280 2063 1384 2097 nicht
1421 2063 1612 2098 vel-lieren.

871 2111 939 2145 Die
959 2110 1106 2145 Affekte
1126 2111 1240 2145 sahen
1264 2110 1315 2144 sie
1338 2110 1491 2144 deshalb
1512 2109 1616 2143 nicht

873 2158 927 2192 als
955 2158 1035 2192 eine
1063 2157 1284 2201 Steigerung
1310 2157 1374 2191 der
1401 2156 1480 2190 drei
1498 2158 1615 2191 Arten

872 2205 1126 2249 vel-nfinftiger
1139 2205 1378 2249 Erregungen
1393 2215 1452 2246 an,
1475 2203 1614 2238 welche

873 2251 924 2285 sie
952 2251 1035 2286 dem
1061 2250 1212 2286 Weisen
1245 2250 1500 2294 zuschrieben,
1534 2261 1615 2284 son-

873 2299 963 2333 dern
984 2299 1038 2333 als
1060 2299 1174 2333 etwas
1192 2297 1613 2332 Grundverschiedenes.

920 2347 1041 2380 omnia
1085 2346 1174 2387 ista,
1217 2345 1290 2379 alle
1330 2345 1416 2389 jene
1463 2344 1616 2379 Leiden-

874 2392 1054 2427 sebasten.

921 2439 1013 2484 Kap.
1041 2439 1103 2474 27.
1155 2444 1209 2474 58.
1237 2439 1307 2474 Est
1327 2439 1419 2473 enim.
1440 2439 1617 2483 quaedam-

875 2487 944 2520 ee‘c.
988 2486 1186 2521 Dieselben
1207 2486 1408 2521 Gedanken
1430 2485 1511 2519 sind
1533 2496 1616 2519 aus—

874 2533 1076 2568 fi'ihrlicher
1115 2532 1153 2567 111
1191 2534 1254 2568 der
1279 2532 1496 2576 Einleitung
1534 2543 1617 2566 zum

875 2585 907 2615 3.
935 2581 1058 2615 Buehe
1084 2580 1322 2625 besproehen.

923 2628 1011 2671 quid
1031 2628 1203 2672 optimum
1221 2629 1286 2670 sit,
1307 2625 1472 2661 namlieh
1492 2625 1529 2659 111
1549 2625 1616 2659 Be-

876 2686 947 2719 zug
973 2674 1039 2709 auf
1061 2674 1120 2709 die
1146 2674 1269 2719 Pflege
1296 2674 1361 2707 der
1388 2673 1504 2707 Seele.

925 2725 978 2755 59.
1006 2721 1104 2756 Nam
1127 2732 1252 2765 neque,
1280 2722 1372 2755 statt
1392 2720 1491 2754 eines
1512 2718 1616 2751 zwei-

876 2770 939 2802 ten
964 2779 1076 2812 neque
1102 2768 1190 2803 oder
1215 2772 1247 2802 et
1272 2768 1367 2811 folgt
1393 2765 1461 2799 mit
1482 2765 1616 2799 Umiin-

877 2815 1017 2859 dei-ung
1044 2815 1107 2849 der
1127 2813 1397 2849 Konstruktion
1423 2815 1471 2846 est
1497 2813 1615 2847 etiam.

877 2862 922 2896 de
948 2862 1007 2895 fin.
1035 2861 1050 2894 Ι
1078 2865 1108 2904 7,
1136 2865 1179 2896 ‘23
1205 2862 1265 2895 sed
1292 2862 1342 2894 ita
1364 2869 1518 2903 prorsus
1544 2860 1618 2893 ezri-

1315 2923 1334 2952 6
