1790 3103
327 107 721 144 TUSCULANARUM
746 109 1144 144 DISPUTATIONUM
1172 111 1213 144 V.
1242 115 1390 146 24—229.
1548 112 1625 152 111

85 214 278 268 sapienti?
340 217 415 256 Sed
450 219 522 257 hoc
555 220 637 257 isne
671 218 780 269 (licit,
814 219 879 268 qui
913 230 1000 256 cum
1034 218 1206 257 dolorem
1241 233 1315 258 nou
1352 221 1463 258 modo
1497 233 1627 259 maxu-

84 287 189 314 mum
223 275 382 328 malum,
420 277 487 315 scd
528 277 652 315 solum
691 276 833 314 malum
871 277 985 314 etiam
1024 276 1182 328 dixerit,
1228 284 1307 315 toto
1353 291 1517 329 corpore
1563 292 1627 331 op-

82 335 197 386 primi
228 335 353 385 possit
385 334 584 373 doloribus
617 336 831 373 acerrumis
864 340 963 385 tum,
1002 346 1090 372 cum
1130 337 1293 373 maxime
1333 343 1466 374 contra
1507 338 1627 376 sortu-

83 403 171 430 nam
211 391 429 443 glorietur?
491 393 601 439 Quod
644 393 744 431 idem
787 392 1012 431 melioribus
1055 394 1170 430 etiam
1213 393 1340 431 verbis
1382 394 1627 433 Metrodorus
1643 413 1686 445 27

83 447 296 501 ‘Occupavi
335 448 401 503 te’,
446 453 572 502 inquit
611 449 798 502 ‘fortuna,
843 456 958 501 atque
997 453 1082 501 cepi
1122 463 1335 501 omnesque
1374 452 1500 490 aditus
1540 461 1627 491 tuos

81 508 301 560 interclusi,
341 515 383 548 ut
418 510 463 548 ad
498 522 557 548 me
591 509 788 559 adspirare
828 521 904 546 non
943 505 1107 559 posses.’
1170 508 1390 561 Praeclare,
1430 512 1461 548 si
1500 511 1628 550 Aristo

82 566 201 605 Chius
239 574 305 606 aut
343 570 374 606 si
415 568 568 606 Stoicus
601 567 731 605 Zenon
771 567 936 617 diceret,
975 569 1058 618 qui,
1098 569 1171 605 nisi
1211 567 1313 618 quod
1360 574 1472 618 turpe
1515 576 1629 621 esset,

81 624 176 663 nihil
208 625 351 664 malum
393 626 564 665 duceret.
627 625 684 663 Tu
724 637 834 676 vero,
872 625 1111 677 Metrodore,
1151 628 1215 675 qui
1255 638 1368 664 omne
1407 626 1551 664 honum
1590 629 1627 665 in

80 683 299 723 visceribus
343 684 599 734 medullisque
645 683 867 721 condideris
912 689 950 722 et
994 684 1190 722 delinieris
1238 696 1433 723 summum
1484 684 1629 723 bonum

80 741 189 780 firma
222 744 398 793 corporis
430 742 647 780 adfectione
687 741 962 792 explorataque
1007 745 1092 781 eius
1137 754 1204 793 spe
1251 745 1462 795 contineri,
1508 744 1628 782 sortu-

73 800 152 838 'nae
185 800 311 839 aditus
350 797 635 839 interclusisti?
695 799 780 845 Quo
825 798 968 838 modo‘?
1030 800 1107 839 Isto
1153 802 1255 839 enim
1301 800 1401 839 bono
1446 803 1520 840 iam
1566 815 1628 840 ex·

80 858 237 908 spoliari
267 864 388 909 potes.

196 918 312 967 Atqui
345 917 404 955 his
437 919 646 968 capiuntur
677 918 853 969 inperiti,
886 923 924 955 et
956 923 1116 968 propter
1143 917 1258 956 huius
1286 917 1389 956 modi
1415 920 1628 956 sententias
1647 913 1699 954 10

79 977 244 1014 istorum
277 975 476 1014 hominum
511 982 571 1014 est
603 976 830 1027 multitud03
863 982 973 1014 acute
1002 983 1129 1014 autem
1165 976 1399 1027 disputantis
1432 976 1524 1014 illud
1558 984 1626 1027 est,
1643 963 1686 994 28

79 1045 156 1072 non
195 1033 287 1084 quid
327 1036 493 1085 quisque
533 1034 652 1086 dicat,
697 1034 765 1073 sed
811 1034 904 1085 quid
949 1036 1090 1085 cuique
1137 1034 1345 1073 dicendum
1390 1036 1441 1073 sit
1484 1035 1626 1073 videre.

79 1091 192 1130 Velut
224 1094 263 1130 in
297 1104 338 1130 ea
372 1094 454 1143 ipsa
487 1094 697 1144 sententia,
730 1105 845 1143 quam
883 1094 921 1131 in
960 1093 1030 1131 hac
1069 1093 1331 1144 disputatione
1371 1095 1628 1144 suscepimus,

79 1162 214 1189 omnes
258 1150 382 1189 bonos
427 1163 582 1202 semper
625 1151 759 1190 beatos
803 1150 981 1189 volumus
1025 1164 1121 1189 esse.
1185 1151 1291 1196 Quos
1336 1151 1460 1190 dicam
1505 1151 1628 1190 bonos

76 1210 330 1260 perspicuum
357 1215 433 1261 est3
466 1209 647 1248 omnibus
673 1211 776 1248 enim
805 1209 1014 1248 virtutibus
1042 1211 1254 1247 instructos
1288 1217 1325 1248 et
1356 1216 1514 1248 ornatos
1545 1216 1627 1248 tum

78 1268 292 1319 sapientes,
336 1274 418 1306 tum
452 1269 554 1306 viros
593 1267 715 1306 bonos
752 1267 928 1306 dicimus.
991 1267 1197 1306 Videamus
1242 1269 1308 1319 qui
1352 1268 1507 1306 dicendi
1551 1271 1628 1306 sint

78 1325 192 1364 beati.
253 1324 444 1376 Equidem
484 1338 551 1364 eos
591 1327 788 1378 existimo,
827 1328 893 1376 qui
932 1328 1010 1364 sint
1047 1328 1087 1364 in
1126 1326 1256 1378 honis,
1302 1326 1407 1364 nullo
1446 1327 1627 1365 adiuncto

78 1384 196 1435 malo,
228 1396 356 1434 neque
390 1384 465 1423 ulla
497 1384 568 1422 alia
606 1384 697 1423 huic
728 1384 865 1435 verbo,
908 1396 996 1423 cum
1036 1384 1193 1423 beatum
1232 1385 1415 1436 dicimus,
1454 1384 1628 1423 subiecta

77 1444 185 1481 notio
218 1448 277 1481 est
308 1444 383 1481 nisi
416 1444 580 1482 secretis
607 1443 716 1481 malis
749 1443 929 1482 omnibus
962 1443 1155 1482 cumulata
1188 1443 1380 1481 bonorum
1414 1443 1628 1494 conplexio.

78 1500 186 1539 Hanc
223 1500 384 1551 adsequi
416 1503 558 1553 virtus,
602 1503 634 1540 si
675 1503 885 1553 quicquam
929 1507 1085 1553 praeter
1126 1503 1249 1552 ipsam
1294 1501 1386 1540 boni
1429 1508 1505 1554 est,
1550 1514 1626 1540 non
1643 1521 1685 1552 29

77 1565 224 1611 potest3
262 1559 386 1598 aderit
422 1561 526 1598 enim
565 1560 773 1612 malorum,
812 1562 845 1599 si
884 1560 980 1598 mala
1018 1560 1080 1598 illa
1119 1560 1316 1611 ducimus,
1357 1559 1471 1598 turba
1511 1573 1626 1611 quae-

77 1617 182 1669 dam,
232 1624 441 1668 paupertas
490 1618 730 1671 ignobilitas,
779 1618 977 1657 humilitas
1028 1618 1213 1670 solitudo,
1264 1620 1420 1657 amissio
1465 1631 1627 1657 suorum

80 1734 156 1765 144.
208 1733 370 1774 Βραχεῖα
403 1731 506 1776 σοφῷ
546 1729 637 1775 τύχη
672 1743 812 1776 παρεμ-
886 1741 965 1765 mus
990 1742 1076 1774 esse,
1105 1731 1260 1765 sondern
1286 1731 1323 1765 in
1345 1731 1427 1765 dem
1447 1730 1627 1775 Komplex

77 1778 214 1821 πίπτει,
228 1775 272 1811 τὰ
288 1775 329 1812 δὲ
350 1776 504 1821 μέγιστοι
524 1777 587 1811 καὶ
605 1776 814 1820 κυριώτατα
887 1778 951 1812 der
983 1777 1183 1822 folgenden
1217 1778 1338 1813 Siitze:
1386 1778 1448 1812 ‘So
1480 1781 1627 1812 miisseu

77 1821 96 1858 ὁ
129 1821 299 1868 λογισμὸς
331 1822 490 1871 διῴκηκε
527 1824 590 1858 καὶ
620 1822 716 1859 κατὰ
748 1822 814 1859 τὸν
886 1825 954 1859 wir
974 1825 1068 1859 auch
1088 1824 1126 1859 in
1146 1825 1210 1858 der
1229 1825 1494 1869 vorh'egenden
1509 1825 1626 1870 Frage

77 1871 212 1914 συνεχῆ
239 1868 374 1914 χρόνον
400 1871 464 1905 τοῦ
494 1872 575 1917 βίου
597 1873 737 1906 διοικεῖ
751 1872 815 1906 καὶ
886 1871 1226 1916 beriicksichtigen‚
1254 1871 1333 1906 dass
1355 1884 1422 1906 nur
1442 1871 1515 1913 der,
1542 1871 1627 1905 wel-

77 1915 269 1961 διοικήσει.
888 1919 975 1953 cher
1001 1918 1059 1952 die
1075 1918 1229 1962 Tugend
1255 1918 1370 1953 allein
1395 1918 1453 1952 fiir
1479 1918 1537 1952 ein
1553 1917 1627 1953 Gut

123 1965 313 2009 ylorietur,
351 1964 415 1999 der
450 1964 679 2010 Konjunktiv
715 1965 816 2000 steht
888 1965 1042 2008 erkliirt,
1076 1966 1134 1999 ein
1160 1965 1280 1999 Reoht
1311 1966 1377 1999 hat
1402 1977 1444 1999 zu
1470 1965 1533 2000 der
1558 1964 1625 1999 Be-

77 2010 129 2044 im
172 2011 400 2055 temporalem
436 2012 565 2055 Satze,
615 2011 818 2046 veranlarst
888 2013 1099 2056 hauptung,
1139 2011 1217 2046 dass
1250 2012 1314 2047 der
1339 2011 1463 2046 Weise
1498 2012 1627 2046 immer

77 2057 192 2092 durch
224 2057 295 2092 den
326 2058 556 2103 Konjunktiv
591 2058 641 2093 im
673 2059 815 2103 Haupt·
888 2058 1076 2104 gh‘icklich
1104 2059 1183 2093 sei.⁷

79 2105 194 2149 satze,
221 2116 247 2140 s.
275 2117 304 2138 z.
332 2105 383 2139 III
408 2108 427 2147 ξ
454 2109 508 2139 71.
935 2106 1019 2140 huic
1043 2106 1165 2148 verbo,
1193 2116 1272 2140 cum
1298 2106 1439 2140 beatum
1463 2105 1627 2147 dicimus,

125 2155 180 2186 27.
209 2152 459 2195 Metrodorus,
486 2164 512 2186 s.
540 2165 566 2186 z.
594 2151 627 2185 II
654 2156 690 2195 3,
718 2156 749 2187 8.
891 2152 962 2187 Cic.
1002 2151 1152 2187 bedient
1189 2152 1266 2186 sich
1306 2153 1491 2187 entweder
1529 2151 1628 2187 einer

129 2209 314 2253 Occupavl·
332 2213 364 2244 te
394 2210 457 2244 bin
477 2211 534 2244 dir
553 2211 815 2256 zuvorgekom,
889 2199 1038 2234 solchen
1055 2199 1359 2243 Umschreibung‚
1381 2199 1468 2233 oder
1483 2210 1521 2233 er
1540 2198 1628 2233 lassi:

77 2267 172 2290 men,
222 2256 319 2290 mut,
339 2237 375 2290 ns
398 2254 532 2301 εὖθυμ,
578 2261 657 2291 476,
679 2269 707 2292 ο,
728 2270 815 2301 προ,
889 2257 961 2280 von
988 2257 1114 2280 nomen
1140 2246 1210 2280 den
1236 2245 1392 2280 Genetiv
1420 2246 1625 2290 abh'z'tngen.

77 2304 326 2347 κατείχημμαί
348 2315 405 2346 σε,
429 2306 456 2337 ὠ
477 2301 585 2348 τύχη,
607 2304 671 2338 nal
690 2305 815 2339 πᾶσαν
888 2293 931 2327 de
958 2292 1017 2326 fin.
1045 2292 1076 2346 Il
1104 2297 1142 2334 2,
1169 2297 1189 2327 6
1216 2294 1304 2337 quid
1328 2296 1427 2327 sonet
1451 2293 1534 2326 haec
1558 2303 1628 2327 rosc

78 2346 145 2393 τὴν
171 2346 367 2395 ἀφῄρημαι
392 2352 643 2394 napstgdvow.
888 2340 1092 2383 voluptates.
1146 2340 1194 2373 [b.
1230 2340 1261 2373 Il
1300 2344 1331 2382 6,
1373 2342 1414 2373 18
1452 2340 1517 2374 hoc
1554 2350 1627 2374 non

124 2397 250 2431 Aristo
277 2396 404 2440 Chius,
431 2408 458 2432 S·
485 2410 514 2432 z·
540 2398 572 2431 Π
600 2401 638 2441 6,
667 2401 720 2432 15,
888 2387 1003 2421 dolere
1033 2387 1147 2420 solum
1175 2387 1368 2430 voluptatis
1396 2387 1538 2420 nomine
1563 2397 1627 2430 ap—

125 2455 324 2498 ἀειάει·
351 2455 441 2490 fiber
464 2455 522 2490 ἀάε
788 2468 814 2492 ἀ
889 2433 1111 2514 &Nettei-
1129 2433 1367 2514 {23'3123230
1381 2433 1627 2514 tergesti„-

78 2513 106 2536 Ζ·
135 2501 168 2535 H
193 2505 230 2543 θ’
260 2505 312 2535 17'
517 2561 522 2568 ,
889 2526 948 2561 die
975 2523 1196 2567 εὐδαιμονία
1224 2527 1278 2560 als
1305 2524 1433 2569 εὔροια
1462 2527 1554 2572 βίου.

125 2558 215 2603 Kap·
245 2559 307 2594 10·
358 2563 413 2595 ‘23-
439 2564 653 2605 captantur,
681 2573 707 2596 S·
734 2575 760 2596 Ζ·
783 2562 816 2596 Π
936 2574 1120 2608 cumulata
1142 2574 1221 2608 bon.
1242 2575 1440 2618 conpleoez'o,
1462 2573 1520 2607 die
1536 2572 1626 2607 voll-

81 2609 141 2648 12,
168 2609 211 2640 29
239 2616 374 2650 ‘’afflor·
892 2619 1060 2664 standige
1074 2619 1341 2665 Vereinigung,
1370 2620 1433 2654 der
1452 2618 1632 2664 Inbegriff

134 2663 237 2698 Velut
262 2666 302 2698 in
327 2674 368 2699 ea
393 2666 588 2708 sententia,
625 2666 661 2699 in
695 2667 818 2711 Bezug
891 2667 983 2701 aller
1008 2666 1133 2702 Giiter.
1183 2667 1318 2711 Hfiufig
1342 2667 1434 2700 wird
1469 2667 1536 2700 mit
1569 2676 1626 2699 cu-

79 2709 146 2744 auf
178 2710 249 2745 den
289 2710 392 2755 Satz,
430 2723 505 2746 was
537 2733 578 2737 —
617 2712 817 2756 anbetrifft,
890 2714 1048 2747 mulatus
1067 2714 1199 2756 plenus
1225 2714 1312 2748 oder
1338 2713 1431 2748 auch
1451 2712 1519 2745 wie
1546 2715 1625 2753 §39

80 2756 148 2791 wie
181 2760 200 2798 ξ
231 2761 275 2791 24
309 2759 350 2792 in
381 2769 418 2793 eo
452 2759 553 2793 libro.
582 2779 625 2784 ——
651 2758 725 2793 Der
749 2759 819 2794 mit:
890 2760 1050 2804 expletus
1072 2760 1109 2793 in
1125 2759 1261 2794 diesem
1277 2759 1387 2794 Sinne
1401 2758 1626 2793 verbunden.

79 2803 175 2838 velut
213 2803 444 2848 eingefiihrte
483 2805 680 2850 Vergleich
726 2806 818 2851 liegt
938 2810 992 2840 29.
1013 2810 1214 2850 paupertas
1240 2808 1308 2840 cet.
1359 2806 1443 2839 Man
1470 2805 1626 2839 beachte

79 2850 183 2884 nicht
213 2850 251 2885 in
281 2851 365 2885 dem
393 2852 497 2887 Satze
531 2853 625 2887 velut
649 2873 694 2877 —
720 2853 816 2887 volu·
890 2852 949 2887 die
976 2852 1235 2897 Gruppierung
1262 2853 1325 2886 der
1351 2851 1539 2886 einzelnen
1560 2851 1624 2886 Be-
