1790 3103
277 102 671 139 TUSCULANARUM
699 103 1097 138 DISPUTATIONUM
1126 104 1185 137 lll.
1212 108 1360 138 37—41.
1534 103 1591 143 25

100 211 244 252 Hicine
269 218 325 251 esc
352 214 416 251 ille
447 213 647 258 Telamon,
674 215 787 251 modo
814 223 926 260 quem
951 212 1084 259 (slot-irc
1112 214 1168 250 ad
1192 215 1345 250 eaelum
1372 213 1530 259 eli-lulis,

100 283 214 320 quem
241 269 519 320 cispeclabcml,
546 270 661 309 cw'us
688 273 734 309 oh
761 282 804 309 os
833 272 951 308 Graii·
976 270 1050 309 o'ra
1076 269 1335 307 olivet-(elnam
1359 273 1460 308 sna?

43 351 152 398 Quod
187 354 219 390 si
252 353 340 404 cui,
370 358 412 391 ut
443 354 495 391 ait
527 352 646 404 idem,
1608 362 1653 392 ⁴0

870 424 989 460 simul
1019 420 1174 459 (inimus
1206 432 1294 458 cum
1327 434 1372 459 re
1404 422 1590 469 concidit,

41 515 61 542 a
92 503 274 554 gravibus
307 504 381 542 illis
413 506 583 555 antiquis
616 504 855 554 philosophis
888 503 1054 553 petenda
1087 502 1277 540 medicina
1311 509 1386 552 est,
1428 514 1502 540 non
1545 503 1591 540 ab

41 560 100 600 his
144 561 381 612 voluptariis.
445 562 568 608 Quam
610 564 713 600 enim
756 563 820 600 isti
863 561 1055 599 bonorum
1098 562 1247 611 copiam
1290 558 1454 598 dicunt?
1517 560 1591 598 Fac

41 631 132 658 sane
166 631 251 658 esse
285 633 481 658 summum
514 620 658 658 bonnm
693 633 767 658 non
801 619 951 670 dolere,
983 631 1216 669 quamquam
1251 619 1286 656 id
1322 631 1398 656 non
1433 624 1592 656 vocatur

41 677 238 730 voluptas,
271 679 337 717 sed
372 690 447 717 non
481 690 642 717 neeesse
675 684 735 716 est
767 691 870 716 nnnc
903 679 1048 715 omnia:
1082 677 1169 715 idne
1204 683 1280 728 est,
1313 689 1389 727 quo
1423 676 1591 715 traducti

39 735 188 775 luctum
221 735 422 775 levemus?
484 736 543 775 Sit
575 748 666 775 sane
706 748 900 775 summum
941 736 1082 773 malum
1122 735 1272 773 dolere:
1310 737 1349 773 in
1389 747 1433 772 eo
1472 737 1592 785 igitur

41 795 108 846 qui
152 806 229 832 non
275 800 350 846 est,
395 796 428 833 si
472 794 570 833 malo
613 801 759 845 careat,
804 796 1040 832 continuone
1084 795 1227 832 fruitur
1270 805 1421 831 summo
1461 790 1592 831 bono?

41 852 142 898 Quid
176 854 498 904 tergiversamur,
536 852 722 904 Epicure,
762 865 833 891 nee
873 853 1039 891 fatemur
1078 864 1160 890 eam
1204 864 1274 889 nos
1316 851 1445 889 dicere
1486 851 1646 891 volu-41

40 916 206 962 ptatem,
244 923 359 961 qnam
394 917 433 950 tu
467 911 587 963 idem,
625 923 712 949 cum
747 923 790 949 os
829 912 1087 961 perfricuisti,
1131 910 1232 947 soles
1271 908 1431 948 dicere?
1494 910 1594 948 Sunt

40 969 135 1007 haee
167 974 232 1007 tua
264 969 381 1008 verba
416 967 568 1007 necne‘?
629 969 669 1007 ln
704 981 749 1007 eo
783 969 937 1019 quidem
971 968 1089 1020 libre,
1132 970 1197 1018 qni
1231 970 1406 1006 eontinet
1437 980 1593 1006 omnem

40 1026 283 1078 disciplinam
317 1033 439 1079 tuam,
471 1049 527 1054 -—
561 1028 699 1078 fungar
725 1029 827 1065 enim
855 1029 930 1065 iam
957 1029 1185 1077 interpretis
1212 1038 1393 1076 munere,
1427 1039 1474 1064 ne
1505 1028 1593 1076 quis

40 1097 101 1124 me
132 1091 244 1136 putet
275 1086 421 1137 fingere
453 1108 510 1112 —
541 1086 639 1124 dicis
671 1086 782 1124 haec:
816 1083 903 1124 ‘nee
936 1086 1117 1136 equidem
1151 1084 1273 1123 liabeo
1307 1084 1410 1135 quod
1444 1084 1593 1122 intelle-

40 1155 126 1195 gam
168 1143 314 1182 bonnm
355 1144 467 1195 illud,
509 1144 718 1182 detrahens
760 1156 824 1182 eas
866 1144 1101 1195 voluptates,
1146 1155 1244 1193 quae
1287 1155 1425 1192 sapore
1468 1144 1593 1193 perci-

40 1203 220 1253 piuntur,
264 1201 473 1240 detrahens
518 1214 599 1253 eas,
645 1214 743 1252 quae
788 1202 921 1240 auditu
964 1214 984 1239 e
1028 1201 1226 1252 cantibus,
1271 1200 1481 1239 detrahens
1527 1213 1591 1239 eas

41 1261 174 1312 etiam,
213 1272 311 1311 quae
345 1273 391 1298 ex
424 1262 559 1298 formis
591 1261 865 1311 percipiuntur
903 1260 1044 1311 oeulis,
1083 1271 1221 1298 suaves
1260 1261 1471 1310 motiones,
1511 1260 1591 1297 sive

41 1330 138 1369 quae
183 1318 277 1356 aliae
310 1318 528 1369 voluptates
572 1320 611 1357 in
656 1324 736 1357 toto
781 1318 937 1356 homine
982 1319 1196 1369 gignuntur
1241 1317 1415 1368 quolibet
1461 1329 1590 1356 sensu.

1498 1375 1592 1414 Lae—

40 1375 119 1415 Nee
146 1389 238 1415 vero
264 1378 315 1415 ita
343 1377 418 1415 dici
444 1383 574 1428 potest
599 1379 742 1416 mentis
769 1376 954 1415 laetitiam
981 1376 1100 1415 solam
1128 1388 1213 1414 esse
1244 1377 1282 1414 in
1311 1375 1434 1414 honis.

40 1499 96 1531 eo,
122 1489 186 1533 qui
210 1489 364 1531 invidet,
395 1490 510 1524 solum
535 1490 688 1531 dieitur,
719 1490 780 1524 secl

40 1537 146 1570 etiam
183 1536 224 1569 in
260 1546 317 1578 eo,
354 1537 413 1570 cui
450 1537 643 1571 invidetur.
694 1537 778 1580 Vgl.

41 1582 74 1617 ‘V
99 1585 219 1624 9,24.
270 1586 414 1626 22‚63.

87 1633 142 1663 40.
169 1629 277 1663 simul
312 1630 456 1664 animus
489 1640 569 1663 euni
602 1639 655 1670 re,
689 1629 723 1663 d.
756 1628 778 1662 i.

41 1687 121 1712 cum
157 1687 196 1710 re
231 1676 422 1718 familiari.
483 1676 548 1710 Ov.
586 1675 691 1709 Pont.
732 1675 781 1709 IV

44 1727 98 1767 12,
124 1725 168 1757 48
194 1725 226 1756 et
250 1732 374 1757 sensus
400 1733 478 1757 eum
504 1733 542 1757 re
573 1723 780 1756 eonsilium-

41 1781 106 1815 que
130 1770 237 1814 fuyit.
288 1769 368 1803 Ter.
384 1769 476 1804 Eun.
493 1769 526 1802 ΙΙ
549 1773 580 1809 2,
605 1772 646 1803 10
672 1770 781 1803 simul

44 1816 235 1852 consilium
261 1826 340 1850 etim
365 1827 404 1850 re
428 1816 593 1850 amisisti.

89 1873 264 1898 summum
290 1863 420 1897 bonum
438 1873 513 1897 non
531 1863 664 1897 dolere:
695 1863 781 1907 Epi-

42 1909 112 1944 kur
137 1909 204 1944 sah
230 1909 301 1943 den
322 1908 445 1953 Gipfel
465 1909 529 1943 der
548 1910 640 1943 Lusi
658 1909 695 1943 in
716 1909 781 1943 der

43 1955 409 1999 Schmerzlosigkeit3
433 1955 532 1990 seine
553 1955 698 2000 Gegner
717 1956 780 1990 be-

42 2003 262 2047 hanpteten,
307 2002 372 2036 das
405 2002 541 2037 Wesen
579 2002 642 2036 der
679 2002 780 2046 Lusi,

41 2047 176 2094 ἡδονή,
202 2049 380 2084 ὃθεὲῆιιᾶθ
399 2048 503 2083 nicht
522 2048 560 2083 in
580 2049 644 2083 der
663 2049 779 2092 Ruhe,

42 2097 111 2131 wie
143 2097 195 2131 sie
227 2095 287 2130 die
313 2095 476 2130 Freiheib
506 2107 578 2130 von
611 2095 781 2131 Schmerz

42 2143 373 2246 {iebt,sonder11'
363 2154 402 2177 m
421 2143 485 2177 der
504 2143 696 2188 Erregung
716 2143 781 2177 der

69 2200 163 2225 mne.
214 2189 354 2233 Epikur
397 2189 456 2223 bei
494 2190 601 2246 Diog
641 2189 673 2223 X
713 2193 778 2224 139

44 2249 128 2280 ορος
153 2248 218 2271 του
253 2235 440 2291 μεγέθους
471 2237 544 2270 τῶν
575 2233 724 2279 ἡδονῶν
754 2235 778 2280 ἡ

44 2279 185 2323 παντὸς
210 2282 276 2317 τοῦ
303 2279 505 2325 αλγοῦντος
533 2279 777 2326 ὑπεξαίρεσις.

46 2329 222 2374 Dagegen
248 2329 292 2363 de
317 2329 437 2363 fin.11
464 2333 496 2372 3,
524 2334 543 2363 6
569 2330 786 2373 voluptatem

45 2376 139 2411 hanc
157 2387 228 2411 esse
246 2376 406 2410 sentiunt
426 2386 560 2417 omnes,
582 2387 689 2420 quam
708 2386 784 2410 sen-

46 2433 107 2458 sus
131 2424 312 2467 accipiens
330 2425 489 2456 movetur
509 2426 541 2456 ei
559 2423 786 2457 iucunditate

48 2470 205 2514 quadam
232 2469 478 2514 perfunditur.

93 2517 235 2557 omnia,
267 2515 427 2549 niimlieh
448 2517 633 2560 persequi,
658 2516 783 2550 dicere.

92 2564 125 2597 si
149 2564 242 2598 malo
268 2566 406 2604 σαφ’,εαί
434 2562 555 2596 ‘wenn
576 2573 614 2596 ei
633 2562 702 2597 mit
721 2563 786 2597 der

51 2607 215 2644 Freiheit
240 2620 312 2644 von
333 2608 503 2643 Sehmerz
524 2608 694 2643 wirklieh
719 2609 788 2643 frei

47 2666 118 2690 von
137 2655 233 2691 Ubel
253 2655 332 2691 sein
354 2656 489 2691 sollte’.
537 2656 631 2690 Vom
652 2655 786 2690 stand-

48 2702 190 2746 punkte
216 2703 280 2737 des
301 2702 482 2745 Stoikers‚
510 2702 574 2737 der
593 2702 698 2737 nicht
717 2703 787 2737 den

53 2747 240 2794 Schmerz‚
275 2761 344 2785 nur
368 2749 434 2784 das
463 2749 703 2784 Sittlichbese
729 2750 788 2783 fur

49 2793 109 2829 ein
128 2786 222 2830 Ubel
247 2796 409 2839 ansieht,
435 2796 575 2831 konnte
597 2795 670 2831 Cic.
692 2797 786 2830 auch

49 2840 129 2876 dies
153 2842 258 2877 nicht:
282 2843 521 2887 zugestehen,
548 2843 637 2878 aber
662 2854 701 2877 er
725 2854 786 2888 ge·

853 1489 953 1523 steht
978 1500 1015 1523 es
1041 1501 1084 1523 zu
1109 1489 1164 1523 als
1185 1488 1426 1523 unerheblich
1445 1488 1503 1522 fiir
1523 1488 1593 1522 den

852 1535 1003 1570 Beweis.

899 1586 954 1616 41.
1008 1582 1105 1627 Quid
1163 1583 1458 1626 ieryiversamur:
1519 1592 1595 1615 was

852 1629 1029 1663 brauchst
1077 1629 1126 1663 dn
1170 1629 1228 1663 die
1273 1629 1484 1670 Ausflueht,
1536 1628 1596 1662 die

854 1675 1007 1709 hechste
1032 1675 1122 1709 Lust
1146 1676 1325 1710 bestande
1350 1676 1389 1709 in
1414 1675 1478 1709 der
1497 1674 1595 1709 Frei-

854 1722 933 1756 heit
957 1733 1029 1756 von
1051 1722 1237 1764 Schmerz‚
1264 1732 1350 1766 sage
1373 1722 1467 1756 doeh
1488 1721 1597 1763 offen,

854 1780 929 1803 was
954 1769 1003 1802 du
1028 1771 1136 1803 unter
1162 1768 1250 1802 Lust
1275 1768 1469 1803 verstehst.

900 1826 980 1849 eum
999 1826 1037 1849 os
1053 1816 1300 1859 perfricuisti,
1325 1815 1446 1849 ‘wenn
1467 1815 1516 1849 du
1536 1814 1596 1849 die

854 1861 988 1896 Seham
1021 1862 1198 1905 abgelegtz
1230 1862 1350 1903 hast'3
1389 1861 1472 1896 weil
1510 1873 1596 1895 man

854 1909 970 1942 durch
1014 1908 1159 1943 Reiben
1209 1908 1272 1943 des
1318 1907 1486 1943 Gesichts
1536 1908 1597 1942 die

855 1955 1071 1989 Schamrete
1116 1967 1160 1989 zu
1203 1955 1432 1989 verwisehen
1476 1955 1596 1989 sucht.

853 2000 960 2036 Mart.
988 2001 1038 2035 XI
1065 2005 1121 2044 27,
1149 2006 1167 2036 7
1195 2005 1260 2036 aut
1292 2013 1371 2036 eum
1398 2001 1597 2045 perfricuit

853 2049 1007 2090 frontem
1022 2049 1215 2093 posuitque
1228 2050 1415 2092 pudorem.
1449 2049 1595 2082 Ebenso

853 2095 1024 2139 μέτωπον
1063 2099 1195 2139 τρῖψαι
1234 2096 1322 2130 oder
1362 2095 1596 2138 παρατρίψα-

853 2144 955 2177 σθαι.

899 2190 940 2223 in
953 2200 991 2223 eo
1006 2190 1110 2231 libro,
1125 2188 1190 2223 der
1200 2188 1337 2223 Schrift
1354 2188 1438 2231 περὶ
1458 2187 1599 2231 τέλους,

852 2246 927 2269 was
937 2235 1007 2269 Cic.
1019 2235 1089 2269 mit
1100 2236 1143 2269 de
1152 2246 1287 2269 summo
1299 2236 1389 2269 bono
1400 2234 1596 2270 ubersetzb.

851 2282 936 2317 Ath.
947 2281 1055 2326 VHp.
1066 2285 1134 2317 280
1149 2279 1192 2316 οὗ
1210 2280 1278 2336 γὰρ
1300 2280 1413 2325 ἔγωγε
1431 2278 1598 2338 δύναμαι

858 2329 991 2371 νοῆσαι
1022 2326 1194 2372 τάγαθὸν
1226 2325 1401 2372 αφαιρῶν
1432 2341 1500 2372 μεν
1532 2325 1600 2367 τὰς

859 2374 921 2409 διὰ
949 2376 1070 2431 χυλῶν
1090 2372 1259 2431 ἡδονάς,,
1274 2373 1449 2419 ἀφαιρῶν
1469 2373 1510 2409 δὲ
1532 2372 1599 2413 τὰς

858 2419 910 2455 δι’
951 2419 1199 2478 dtpqoditn'ffinv
1238 2419 1411 2478 ἀφαιρῶν
1451 2420 1492 2456 δὲ
1532 2418 1599 2460 τὰς

859 2466 912 2502 δι’
941 2466 1212 2525 ἀκροαμάτων,
1244 2465 1420 2524 αφαιρῶν
1457 2467 1499 2502 δὲ
1531 2465 1598 2506 τὰς

859 2514 922 2549 διὰ
949 2517 1096 2560 μορφῆς
1128 2513 1212 2550 κατ’
1251 2513 1342 2557 ὅφιν
1379 2513 1509 2559 ἡδείας
1544 2527 1597 2548 κι-

857 2560 991 2606 νήσεις.

905 2620 1034 2644 suaves
1076 2611 1263 2651 motioneS,
1317 2608 1485 2643 dasselbe
1529 2608 1598 2642 wie

859 2656 1075 2700 voluptates,
1127 2656 1374 2701 ‘angenehme
1417 2656 1599 2699 Erregun-

859 2703 960 2747 gen’,
987 2715 1012 2737 s.
1040 2707 1058 2745 ς
1085 2707 1140 2737 46.

906 2750 1118 2784 Laetaniem
1143 2761 1186 2783 m.
1214 2751 1268 2783 ita
1294 2749 1395 2788 nori,
1423 2747 1493 2781 den
1519 2746 1598 2791 gei-

860 2796 983 2841 stigen
1019 2795 1155 2830 Genuss
1197 2796 1296 2829 kann
1333 2794 1393 2828 ich
1429 2793 1498 2827 mir
1531 2805 1600 2827 nur

858 2845 967 2877 unter
993 2842 1056 2877 der
1082 2841 1302 2886 Bediugung
1327 2840 1488 2883 denken‚
1519 2839 1599 2874 dass
