1817 3103
410 59 805 97 TUSCULANARUM
830 59 1230 96 DISPUTATIONUM
1259 63 1282 96 1.
1310 67 1410 98 4-7.
1660 64 1683 104 7

1517 88 1817 166 mvt“s”²⁷b⁹7{⁶⁴

132 173 378 223 Latinarum3
411 183 509 222 quae
535 170 763 209 illustranda
793 175 831 208 et
858 169 1060 208 excitanda
1093 170 1203 208 nobis
1236 179 1312 222 est,
1346 180 1404 223 ut,
1437 175 1468 211 si
1502 176 1682 229 occupati
1758 166 1769 179 ³

132 231 351 284 profuimus
389 229 533 280 aliquid
573 229 723 267 civilius
761 230 923 279 nostris,
968 229 1164 278 prosimus
1204 231 1339 280 etiam,
1385 233 1416 268 si
1461 244 1681 284 possumus,

131 290 258 328 otiosi.
320 288 361 326 ln
395 300 472 339 qno
505 301 550 326 eo
584 289 704 338 magis
737 286 849 325 nobis
881 292 939 325 est
979 285 1274 337 elaborandum,
1315 289 1416 338 qnod
1457 290 1566 327 multi
1607 292 1717 330 iame

132 359 219 386 esse
251 346 342 385 libri
367 346 492 385 Latini
523 347 710 384 dicuntur
737 346 872 396 scripti
904 344 1192 396 ngQ
1225 345 1270 383 ab
1303 348 1460 396 optimis
1493 347 1565 384 illis
1598 351 1680 398 qui·
1709 332 1817 381 νόω

129 405 219 445 dem
245 407 355 456 viris,
383 404 449 444 sed
479 417 554 443 non
582 406 676 442 satis
702 403 876 442 eruditis
928 403 1031 441 Fieri
1058 409 1187 441 antem
1217 409 1363 462 potest,
1391 411 1431 441 nt
1461 408 1681 458 recte‘qtsss

131 465 271 503 sentiat
306 469 340 502 et
376 463 430 514 id,
470 463 572 514 quod
605 464 741 513 sentit,
779 461 898 515 polite
931 458 1073 518 eloqui!
1099 474 1174 500 non
1214 464 1354 521 possit3
1393 462 1461 500 sed
1499 463 1682 501 mandare

130 517 364 573 quemijiiam
404 518 544 560 litteris
583 522 839 571 cogitationes
878 532 985 568 stlaS,
1031 521 1097 570 qui
1145 532 1208 558 eas
1254 532 1323 558 nee
1364 520 1571 571 disponere
1612 534 1682 560 nec

127 579 324 619 illustrare
357 581 479 631 possit
513 592 585 617 nec
618 579 874 617 delectatione
907 578 1032 628 aliqua
1066 578 1234 617 adlicere
1267 579 1473 630 lectorem,
1512 579 1681 618 hominis

127 645 203 691 est„
220 641 527 696 intemperanter
559 637 756 676 abutentIs
795 643 833 674 et
871 639 950 674 otio
984 642 1021 675 et
1054 636 1206 675 litteris.
1269 637 1403 688 ltaque
1437 649 1529 676 suos
1562 637 1681 676 libros

129 698 204 748 ipsi
236 696 371 747 legunt
403 709 490 735 cum
525 697 624 747 suis,
657 708 729 734 nec
762 697 966 746 qnisquam
1000 697 1154 745 attingit
1187 702 1343 746 praeter
1376 708 1461 747 eos,
1494 698 1559 746 qui
1593 709 1681 735 ean-

130 755 217 793 dem
262 755 458 793 licentiam
500 754 697 792 scribendi
742 753 816 792 sibi
863 755 1036 804 permitti
1078 753 1221 792 volunt.
1285 754 1414 799 Quare
1460 756 1491 792 si
1536 755 1681 804 aliquid

127 815 320 852 oratoriae
352 813 477 851 laudis
511 819 643 851 nostra
676 812 876 851 attulimus
908 811 1117 863 industria,
1155 812 1275 851 multo
1309 812 1525 851 studiosius
1557 813 1679 864 philo-

126 871 287 922 sophiae
322 873 448 910 l'ontes
481 873 718 922 aperiemus,
753 884 772 909 e
807 870 948 921 quibus
982 872 1098 909 etiam
1130 871 1193 909 illa
1225 870 1443 909 manabant.

246 929 321 968 Sed
355 936 397 968 ut
430 929 676 980 Aristoteles,
716 931 773 967 vir
806 941 957 968 sumtno
991 931 1166 980 ingenio,
1206 931 1385 981 scientia,
1424 932 1551 981 copia,
1591 914 1722 997 cum}

126 994 256 1027 motus
296 993 401 1027 esset
438 988 620 1027 Isocratis
659 988 828 1026 rhetoris
866 988 1003 1038 gloria,
1043 988 1173 1026 dicere
1213 990 1359 1027 docere
1398 990 1513 1027 etiam
1552 990 1682 1039 coepit

126 1046 397 1085 adulescentes
424 1053 460 1085 et
489 1047 737 1098 prudentiam
764 1059 853 1084 cum
880 1046 1101 1097 eloquentia
1128 1048 1308 1098 iungere,
1335 1048 1389 1085 sic
1417 1046 1529 1085 nohis
1555 1047 1682 1097 placet

126 1117 196 1143 nec
230 1107 441 1155 pristinum
467 1105 622 1144 dicendi
656 1105 828 1143 studium
862 1105 1057 1155 deponere
1091 1111 1128 1143 et
1162 1107 1200 1143 in
1233 1105 1303 1143 hac
1337 1107 1482 1144 maiore
1516 1111 1554 1144 et
1587 1105 1679 1144 ube-

124 1165 228 1202 riore
262 1169 344 1202 arte
374 1166 538 1202 versari:
571 1163 668 1201 hanc
702 1165 808 1201 enim
839 1163 1053 1213 perfectam
1080 1163 1366 1214 philosophiam
1393 1176 1549 1215 semper
1582 1164 1679 1202 iudi-

121 1312 268 1346 dicendi
305 1310 563 1356 Glanzpunkte
603 1311 667 1345 der
701 1311 864 1345 Darsbel-

122 1357 223 1402 lung.
273 1369 306 1401 p.
328 1358 437 1392 Arch.
460 1362 498 1401 6,
521 1362 563 1392 14
594 1369 686 1402 quac
709 1358 866 1392 iacerent

121 1405 164 1439 in
194 1405 346 1440 tenebris
377 1406 516 1448 omnia,
551 1406 625 1439 nisi
662 1405 865 1439 litterarum

119 1451 241 1486 lumen
265 1453 452 1487 accederet.

171 1503 202 1534 6.
230 1499 374 1543 optimis
405 1500 480 1534 illis
511 1500 670 1543 quidem:
701 1498 866 1543 gemeint

123 1545 204 1580 sind
225 1545 444 1588 Amafinius,
471 1546 659 1587 Rabirius,
689 1544 815 1580 Catius
837 1556 861 1579 S.

120 1591 217 1627 Einl.
238 1595 257 1634 ξ
285 1597 315 1626 7.
367 1593 439 1627 Ille
464 1592 567 1626 dient
591 1592 671 1627 hier
703 1604 771 1626 nur
802 1604 864 1626 zur

121 1638 414 1684 Hervorhebung
428 1639 490 1673 des
507 1638 772 1683 Gegensatzes,
793 1638 863 1673 wie

122 1696 188 1720 vor
214 1685 298 1720 dem
329 1686 388 1720 ein
421 1686 688 1731 Zugestfiudnis
721 1685 862 1719 einfsih-

119 1733 259 1768 renden
289 1734 449 1777 quidmn,
486 1744 593 1767 wenn
625 1733 690 1767 der
720 1732 863 1776 Gegan-

121 1780 199 1813 satz
223 1780 404 1814 zwisehen
423 1779 638 1814 Attributen
663 1779 751 1814 oder
775 1778 863 1814 Pra-

120 1825 272 1860 dikaten
291 1826 514 1869 stattfindet,
540 1827 672 1860 immer
698 1826 756 1861 ein
775 1825 862 1860 Pro-

119 1883 254 1908 nomen
278 1873 549 1918 eingesehoben
575 1873 678 1908 wird.

168 1924 199 1954 et
225 1940 270 1945 —
295 1931 367 1955 non
391 1921 524 1965 possit,
559 1920 649 1954 ‘und
679 1920 862 1955 trotzdem

118 1965 225 2002 nicht
241 1967 369 2002 kann'.
413 1967 446 2002 S.
468 1967 484 2000 I
505 1970 565 2008 38,
588 1971 630 2001 92
652 1971 685 2001 et
705 1968 861 2002 dubitas.

165 2015 340 2049 mamlarc
364 2026 582 2059 quemquam.
633 2014 706 2048 Der
731 2015 860 2049 Aecus.

118 2071 149 2096 c.
175 2060 239 2095 inf.
271 2061 332 2096 bei
368 2072 439 2096 esse
476 2062 546 2095 mit,
583 2061 667 2096 dem
705 2061 862 2096 Genetiv

118 2107 168 2142 ist
202 2108 331 2142 seiten.
383 2108 428 2142 de
453 2108 513 2142 fin.
541 2107 591 2142 III
619 2112 656 2151 3,
687 2112 728 2142 10
760 2112 861 2142 tuum

115 2155 231 2198 fuerit
251 2175 293 2179 —
313 2166 408 2190 nora
433 2159 465 2190 te
490 2156 595 2190 rebus
622 2156 770 2190 nomina
797 2156 861 2189 im—

114 2212 259 2246 ponere.

166 2260 278 2293 quare
303 2249 411 2284 leitet
434 2249 515 2284 hier
538 2249 608 2283 den
629 2249 774 2284 Sehluss
800 2250 864 2283 der

118 2306 261 2340 ganzen
274 2295 586 2341 Argumentation
602 2297 661 2331 ein
680 2297 753 2331 und
774 2296 863 2331 fasst

118 2342 186 2376 das
211 2342 522 2388 Vorhergehende
558 2354 784 2385 zusammen;
821 2354 861 2378 so

117 2389 211 2423 wird
252 2390 483 2424 namentlich
526 2390 652 2435 hiiufig
692 2391 862 2435 quocirca

116 2435 334 2480 gebraucht.

164 2484 232 2518 illa
256 2484 323 2518 auf
345 2484 686 2529 aliquoe’fflbezogen.
738 2484 772 2519 S.
801 2488 820 2527 ξ
841 2489 861 2520 4

114 2529 303 2566 discebant
334 2531 384 2566 id.
414 2551 455 2556 —
482 2530 581 2566 Uber
612 2532 711 2567 seine
742 2532 861 2576 philo-

116 2577 338 2622 sophischen
390 2577 560 2620 Studien,
610 2578 750 2614 welche
800 2579 858 2613 die

116 2622 331 2669 Grundlage
356 2624 421 2659 der
445 2625 703 2660 rednerischen
722 2625 859 2669 hildem,

118 2670 260 2714 sprichb
291 2671 365 2706 Cic.
402 2671 631 2707 ausfiihrlich
668 2673 769 2707 Brut.
803 2676 859 2713 90,

117 2719 197 2752 309.
248 2721 309 2761 91,
339 2723 426 2762 315,
469 2719 544 2763 vgl.
577 2719 622 2754 de
653 2719 752 2755 deor.
784 2722 858 2754 nat.

117 2761 135 2795 I
160 2767 198 2804 3,
225 2769 256 2799 6.
307 2766 393 2801 Tae.
420 2765 507 2800 dial.
535 2777 564 2800 e.
591 2770 646 2802 32.

164 2809 256 2856 Kap.
282 2811 321 2847 4.
358 2816 388 2849 7.
416 2813 596 2848 Isocrates
609 2825 686 2848 war
698 2813 860 2858 geboren

938 1314 1022 1353 436,
1050 1311 1144 1344 nach
1171 1311 1235 1344 der
1260 1310 1438 1346 Schlaeht
1462 1311 1524 1345 bei
1543 1311 1679 1346 Charo-

938 1368 1006 1391 nea
1027 1361 1094 1392 338
1112 1359 1228 1392 totete
1249 1369 1288 1392 er
1307 1359 1386 1393 sich
1407 1358 1531 1392 selbst.
1557 1357 1679 1392 Nach—

938 1405 1023 1438 dem
1048 1404 1266 1439 Aristoteles
1292 1405 1388 1450 (geb.
1405 1406 1488 1447 384)
1510 1408 1554 1439 20
1568 1405 1678 1439 Jahre

938 1451 1121 1486 hindurch
1158 1451 1286 1486 Platos
1322 1451 1476 1486 Schiiler
1509 1462 1679 1496 gewesen

938 1508 1030 1539 war,
1059 1498 1205 1533 verliess
1233 1510 1271 1532 er
1291 1502 1358 1533 348
1380 1499 1519 1541 Athen,
1546 1499 1677 1533 kehrte

937 1547 1012 1580 ers‘c
1037 1549 1105 1580 335
1131 1545 1281 1580 dorthin
1306 1545 1441 1581 zuriick
1467 1546 1542 1580 und
1569 1549 1678 1589 griin·

937 1592 1022 1626 dete
1078 1592 1136 1626 die
1191 1592 1480 1638 peripatetisehe
1532 1591 1677 1627 Schule.

937 1639 1043 1673 Seine
1080 1639 1297 1683 opposition
1336 1651 1455 1685 gegen
1492 1639 1678 1674 Isokxates

935 1685 1074 1720 konnte
1101 1686 1178 1720 also
1204 1698 1272 1720 nur
1296 1686 1336 1721 in
1361 1686 1420 1721 die
1447 1686 1525 1721 Zeit
1560 1687 1678 1720 seines

936 1734 1056 1767 ersten
1074 1732 1332 1768 Aufenthaltes
1358 1733 1483 1768 fallen.
1533 1733 1583 1767 Er
1608 1733 1679 1767 soll

935 1779 1006 1814 den
1042 1779 1134 1814 Vers
1179 1780 1242 1814 des
1286 1780 1479 1825 Euripides
1524 1777 1678 1824 αἰσχρὸν

936 1827 1095 1866 σιωπᾶν,
1136 1823 1346 1874 βαρβάρους
1385 1824 1422 1862 δ’
1457 1825 1525 1861 ἐᾶν
1556 1827 1678 1870 λέγειν

936 1873 1002 1908 auf
1014 1873 1125 1918 jenen
1145 1874 1368 1918 angewaudt
1390 1874 1528 1915 haben,
1554 1873 1679 1909 indem

936 1931 974 1955 er
1005 1923 1096 1955 statt
1127 1918 1337 1966 βαρβάρους
1369 1923 1484 1956 setzte
1519 1918 1679 1964 Ἰσοκρά-

934 1980 1012 2011 την.
1063 1967 1386 2003 Wahrseheinlich
1417 1968 1467 2003 ist
1499 1969 1587 2003 aber
1619 1968 1678 2002 die

935 2026 1051 2059 ganze
1086 2014 1298 2060 Erz‘ahlung
1335 2026 1408 2050 von
1445 2014 1510 2050 der
1548 2014 1679 2050 Feind-

936 2062 1057 2096 sebast
1105 2062 1169 2097 des
1213 2061 1432 2097 Aristoteles
1483 2062 1676 2104 erfunden3

935 2108 1158 2153 wenigstens
1194 2110 1258 2154 lag
1295 2109 1400 2144 nicht
1438 2108 1476 2143 in
1513 2109 1572 2143 ihr
1614 2109 1679 2143 der

937 2155 1081 2198 Grund,
1111 2155 1190 2190 dass
1217 2167 1256 2191 er
1282 2156 1376 2191 auch
1403 2155 1462 2190 die
1488 2155 1680 2191 Dialektik

935 2203 1010 2236 und
1035 2202 1217 2238 Rhetorik
1242 2202 1485 2246 behandelte,
1521 2203 1679 2238 sondern

935 2250 972 2283 in
1012 2249 1095 2284 dem
1134 2261 1277 2294 ganzen
1316 2250 1522 2285 Charakter
1560 2250 1680 2284 seiner

934 2296 1185 2341 Philosophie.
1572 2334 1577 2339 ,

977 2344 1213 2387 prudentiam
1238 2344 1320 2379 hier
1341 2361 1384 2374 =
1400 2345 1676 2389 philosophiam.

934 2390 1045 2425 Meist
1081 2391 1182 2425 steht:
1218 2392 1421 2435 prudentia
1460 2403 1533 2426 von
1569 2391 1678 2436 prak-

934 2438 1028 2472 ‘cisch
1063 2438 1142 2472 sich
1176 2439 1462 2484 bethatigender
1483 2434 1584 2473 ‘oder
1617 2438 1683 2472 auf

934 2484 1169 2529 praktischer
1204 2485 1414 2530 Erfahrung
1448 2484 1679 2520 bemhender

934 2531 1220 2576 VVissensehaft,
1248 2545 1275 2566 z.
1298 2533 1335 2567 B.
1358 2533 1561 2576 prudentia
1584 2533 1678 2566 iuris

934 2580 1070 2621 civilis,
1098 2580 1186 2614 aber
1204 2580 1319 2624 vergi.
1341 2580 1385 2613 de
1407 2578 1466 2614 off.
1489 2579 1505 2612 1
1524 2583 1587 2621 42,
1611 2582 1676 2612 151

932 2627 970 2660 π’-η
998 2626 1129 2670 quibus
1154 2630 1270 2661 autem
1303 2627 1444 2661 artibus
1475 2629 1540 2660 aut
1568 2636 1678 2669 pru·

932 2673 1083 2707 dentia
1127 2675 1244 2708 maior
1288 2675 1380 2707 inest
1425 2672 1471 2715 (d.
1511 2672 1534 2706 i.
1573 2672 1678 2706 mehr

932 2720 1215 2763 XVisseuschaft)
1264 2724 1328 2754 aut
1371 2730 1443 2754 non
1488 2719 1677 2754 mediocris

931 2767 1083 2802 utilitas.

979 2814 1073 2848 hanc
1097 2815 1188 2848 enim
1211 2816 1304 2857 perf.
1333 2825 1359 2848 s.
1388 2812 1482 2848 Einl.
1510 2815 1528 2855 ἓ
1556 2816 1586 2848 ἵ.
