1817 3103
288 95 678 132 TUSCULANARUM
706 94 1103 129 DISPUTATIONL'M
1132 96 1154 130 1.
1182 100 1330 130 65—-625
1524 95 1574 134 41

37 207 98 246 his
130 209 282 246 usitatis
315 208 494 257 notisque
534 207 693 244 naturis.
758 205 810 243 lta
850 204 1034 255 quicquid
1074 210 1134 242 est
1172 204 1282 255 illud,
1322 205 1422 254 quod
1463 207 1581 243 sentit

39 265 141 318 quod
175 268 291 317 sapit,
323 266 425 316 quod
454 266 544 303 vivit
575 264 676 315 quod
713 265 829 314 viget,
862 263 1027 301 caeleste
1061 269 1099 300 et
1131 262 1302 300 divinum
1336 263 1384 299 ol»
1418 276 1580 313 «namque

38 336 120 363 rem
151 330 353 363 aeternum
387 325 436 363 sit
474 336 634 362 neeesse
673 329 742 361 est.
806 322 884 360 'Nec
924 334 1012 359 vero
1051 321 1148 359 dens
1187 322 1287 371 ipse,
1329 323 1394 370 qui
1435 322 1580 360 intelle-

37 385 142 434 gitur
173 395 193 421 a
226 382 356 434 nobis,
387 382 459 420 alio
492 382 605 420 modo
639 381 807 431 intellegi
841 385 969 431 potest
1002 381 1075 418 nisi
1108 392 1216 417 mens
1244 378 1368 416 soluta
1396 380 1581 429 quaedam

0 490 3 493 Ι
39 448 77 480 et
107 441 245 493 libera,
277 446 478 492 segregata
517 440 563 478 ab
605 442 708 478 omni
747 441 996 477 concretione
1036 438 1206 487 mortali,
1245 439 1371 475 omnia
1412 440 1584 475 sentiens

38 506 77 538 et
108 512 266 538 movens
299 502 459 551 ipsaque
491 499 664 550 praedita
698 505 804 536 motu
838 494 1104 548 sempiteruo.’

37 571 112 609 que
145 559 279 597 eadem
312 571 332 597 e
366 564 502 597 natura
534 563 594 596 est
625 557 791 595 humana
823 569 944 594 mens.

156 617 229 656 Ubi
261 619 379 668 igitur
411 623 477 655 ant
509 616 632 666 qualis
665 620 725 654 est
757 617 828 654 ista
863 614 1000 653 mens?
1033 637 1086 640 —
1123 614 1192 651 {jhi
1227 620 1289 652 tua
1329 619 1395 651 aut
1434 612 1586 664 qualis?

37 681 198 727 potesne
231 674 390 714 dicere‘?
423 688 488 726 an,
527 676 559 713 si
598 676 724 712 omnia
764 674 809 712 ad
849 673 1151 724 intellegendum
1193 686 1267 710 non
1309 672 1448 722 liabeo,
1487 683 1585 722 quae

37 733 180 773 habere
208 734 361 785 vellem,
393 747 440 772 ne
474 735 521 772 iis
555 733 728 785 quidem,
761 745 859 784 quae
886 732 1027 784 liabeo,
1060 732 1154 770 mihi
1181 744 1250 782 per
1278 738 1313 769 te
1346 733 1400 769 uti
1428 728 1586 769 licebit?

37 814 94 821 —
126 793 211 831 Non
245 793 343 832 valet
375 799 526 831 tantum
558 794 728 843 animus,
764 797 807 830 ut
838 804 879 829 se
913 793 994 842 ipse
1029 790 1163 829 videat.
1201 812 1248 816 ——
1285 791 1332 828 At
1365 797 1406 828 ut
1438 789 1587 838 oculus,

37 853 92 890 sic
125 853 276 890 animus
309 864 349 890 se
383 863 460 889 non
492 850 625 889 videns
664 850 735 888 alia
776 852 912 889 cernit.
950 872 998 876 —-
1034 850 1118 887 Non
1154 849 1255 887 videt
1294 856 1440 900 autem,
1482 847 1657 914 ‘1¹¹⁰‘l98

38 911 240 949 minimum
279 917 356 962 est,
395 911 557 948 sormam
597 921 717 947 suam.
756 931 802 936 -—
841 909 1082 959 Quamquam
1128 909 1291 946 sortasse
1337 907 1373 945 id
1420 906 1646 957 quoqin353

38 968 104 1007 sed
138 969 421 1020 relinquamus:
454 970 527 1006 vim
555 975 680 1019 certe,
713 969 958 1019 sagacitatem
992 969 1237 1019 memoriam,
1271 973 1416 1005 motum
1451 965 1585 1004 celeri-

39 1033 156 1067 tatem
202 1028 315 1067 videt.
387 1027 490 1066 llaec
536 1039 688 1078 magna,
733 1027 826 1065 liaec
871 1026 1014 1077 divina,
1061 1026 1154 1065 liaec
1199 1027 1434 1077 sempiterna
1479 1029 1587 1074 sunt3

39 1099 113 1137 qua
146 1087 242 1126 sacie
275 1086 430 1137 quidem
464 1088 514 1124 sit
546 1093 611 1124 aut
644 1086 710 1124 ubi
742 1086 890 1124 habitet
929 1098 975 1123 ne
1017 1085 1283 1136 quaerendum
1323 1084 1479 1135 quidem
1518 1089 1588 1121 est.
1718 1097 1733 1100 -
1754 1103 1813 1153 βψ

41 1144 89 1183 Ut
126 1158 215 1184 cum
253 1146 428 1184 videmus
466 1146 636 1195 speciem
676 1146 845 1195 primum
884 1145 1170 1194 candoremque
1212 1143 1326 1195 caeli,
1371 1142 1460 1181 dein
1498 1153 1587 1180 con-

41 1205 230 1243 versionis
257 1204 496 1242 celeritatem
530 1209 690 1254 tantam,
725 1208 905 1253 quantam
934 1204 1103 1254 cogitare
1137 1215 1214 1240 non
1246 1213 1473 1253 possumus,
1506 1207 1588 1239 tum

39 1262 325 1302 vicissitudines
351 1262 503 1301 dierum
536 1274 579 1300 ac
612 1264 784 1300 noctium
812 1263 1215 1312 commutationesque
1243 1267 1463 1311 temporum
1496 1271 1586 1310 qua-

40 1320 279 1372 drupertitas
311 1321 355 1359 ad
391 1322 652 1359 maturitatem
687 1321 842 1371 frugum
876 1327 914 1358 et
946 1320 991 1358 ad
1026 1321 1346 1371 temperationem
1380 1330 1589 1369 corporum

40 1387 164 1432 aptas,
192 1392 405 1430 eorumque
439 1381 612 1418 omnium
646 1380 932 1418 moderatorem
965 1385 1003 1417 et
1034 1379 1173 1418 ducem
1206 1378 1345 1429 solem,
1381 1377 1589 1427 lunamque

40 1441 260 1478 accretione
288 1445 326 1477 et
352 1438 619 1477 deminutione
647 1438 804 1476 luminis
829 1440 939 1489 quasi
966 1438 1154 1476 fastorum
1181 1443 1380 1476 notantem
1409 1442 1446 1474 et
1473 1436 1589 1487 signi-

41 1498 219 1537 ficantem
251 1497 352 1549 dies,
384 1503 466 1536 tum
505 1498 542 1536 in
583 1497 718 1535 eodem
756 1496 850 1535 orbe
889 1498 928 1535 in
967 1497 1173 1535 duodecim
1212 1502 1343 1547 partes
1381 1494 1590 1549 distributo
1713 1509 1727 1547 ,δ

42 1556 377 1611 qllinqtfflas
410 1556 522 1607 ferri,
561 1556 719 1594 eosdem
751 1568 891 1594 cursus
923 1557 1238 1594 constantissime
1278 1548 1478 1593 servantes
1516 1553 1590 1591 ‹lis-

41 1615 200 1667 paribus
239 1614 346 1654 ‘inter
389 1627 430 1653 se
475 1614 665 1667 motibus,
712 1621 1021 1665 nocturnamque
1066 1614 1162 1653 caeli
1209 1615 1372 1652 formam
1419 1612 1591 1662 undique
1635 1607 1652 1672 ¹?

43 1674 238 1713 sideribus
270 1680 464 1725 ornatam,
505 1680 587 1712 tum
626 1673 784 1724 globum
823 1680 949 1712 terrae
988 1675 1224 1712 eminentem
1264 1686 1283 1711 e
1322 1673 1435 1723 mari,
1475 1672 1591 1709 fixum
1645 1654 1651 1714 l

1168 496 1248 534 lIoc
1288 509 1307 534 e
1347 508 1489 546 genere
1529 502 1580 533 at·
1598 502 1641 531 67

92 1775 157 1820 qui
192 1776 429 1820 intelleyitar,
469 1774 598 1809 soweit
635 1785 672 1809 er
710 1786 782 1809 von

41 1834 108 1857 uns
133 1822 292 1857 erkannt
316 1822 417 1857 wird.

855 1779 1114 1856 {fg-(dersatzes
1140 1821 1230 1855 wird
1258 1825 1276 1863 ξ
1302 1825 1345 1856 70
1370 1821 1455 1855 haec
1479 1821 1595 1864 igitur

1006 1775 1148 1819 Wegen
1174 1775 1239 1809 der
1252 1774 1506 1817 Ausdehnung
1530 1772 1593 1806 des

90 1884 145 1915 67.
172 1881 236 1915 ubi
254 1882 386 1925 ἐρίων,
411 1881 599 1926 fingierter
620 1880 786 1915 Einwurf

43 1926 142 1962 eines
169 1927 341 1973 Gegners.

89 1987 183 2031 quod
207 1988 395 2021 minimum
414 1991 482 2030 est,
509 1998 584 2021 was
604 1987 669 2021 das
690 1985 781 2020 min-

43 2034 146 2069 deste
171 2034 235 2078 ist,
263 2045 336 2069 was
362 2045 448 2068 man
467 2034 562 2068 doch
582 2035 704 2069 zuerst
730 2044 782 2068 er-

44 2083 182 2116 warten
207 2081 327 2117 sollte.

89 2139 253 2182 formam.
303 2140 418 2175 Unter
459 2141 578 2183 forma
617 2140 667 2174 ist
703 2139 783 2174 hier

44 2185 149 2221 nieht
167 2186 263 2222 bloss
283 2187 342 2222 die
363 2187 505 2222 {iussere
526 2187 679 2229 Gestast,
701 2197 782 2221 son·

44 2233 133 2268 dern
163 2233 223 2269 die
248 2245 361 2279 ganze
394 2233 574 2269 sinnliche
599 2233 782 2277 Existeuz,

43 2280 205 2316 namlioh
237 2283 283 2316 ob
309 2281 374 2315 der
399 2281 503 2316 Geist
532 2281 664 2323 Feuer‚
696 2280 783 2314 Luft,

45 2327 132 2363 oder
169 2329 282 2363 etwas
319 2329 473 2362 anderes
511 2328 577 2370 ist,
620 2339 664 2361 zu
700 2338 781 2362 ver-

45 2375 184 2410 stehen.
236 2375 318 2419 Vgl.
346 2379 364 2417 ξ
392 2379 435 2409 70
454 2376 572 2418 forma
591 2378 623 2410 et
640 2375 784 2418 speeies,

47 2421 237 2457 Substanz.
287 2422 332 2457 de
359 2422 455 2457 deor.
476 2435 509 2456 n.
532 2423 547 2456 Ι
570 2426 623 2466 14,
644 2426 688 2456 37
710 2426 784 2456 tum

44 2469 149 2514 finyit
173 2470 328 2513 formam
361 2470 544 2514 quandam
575 2473 607 2504 et
636 2470 785 2514 speeiem

45 2516 200 2552 deorum.

93 2574 309 2609 quamquam
347 2584 389 2588 —
429 2564 467 2598 id
522 2574 674 2608 quoque,
736 2574 784 2596 sc.

45 2610 126 2654 fieri
146 2615 270 2655 potest.
321 2611 366 2646 de
393 2610 450 2646 off.
477 2611 492 2644 Ι
519 2615 581 2653 24,
608 2614 651 2645 82
683 2611 786 2645 valde

47 2658 347 2693 considerandum
371 2661 437 2701 est,
470 2669 513 2692 ne
538 2658 626 2702 qaid
651 2661 785 2699 temere,

47 2715 91 2739 ne
120 2706 209 2749 quid
243 2706 442 2740 crudeliter.
475 2725 519 2730 —
552 2706 589 2740 id
621 2705 785 2740 niimlich

46 2754 87 2786 ut
110 2762 146 2787 se
167 2753 297 2788 videat.

95 2810 187 2855 Kap.
213 2811 276 2847 28.
327 2815 382 2846 68.
420 2814 461 2846 ut
498 2822 578 2846 cam
614 2812 782 2846 videmus.

48 2857 122 2892 Der
153 2857 328 2893 Gedanke
365 2858 414 2893 ist
450 2858 615 2894 derselbe
646 2858 715 2893 wie
747 2858 785 2891 in

854 1873 886 1903 et
911 1869 1193 1904 innumerabilia
1219 1879 1298 1903 cum
1324 1869 1502 1902 cernimus
1527 1865 1593 1901 das

854 1916 1016 1950 Verbum
1036 1916 1173 1950 wieder
1199 1915 1493 1959 aufgenommen‚
1520 1913 1595 1947 und

855 1963 919 1997 das
946 1963 1028 1997 dem
1064 1967 1104 1997 ut
1137 1961 1425 2007 entspreehende
1457 1963 1508 1996 sie
1540 1960 1594 1994 als

855 2010 1126 2055 selbstandiger
1153 2010 1238 2044 Satz
1264 2009 1452 2054 angefiigt.

903 2058 1189 2102 temperationem
1209 2067 1304 2101 corp.
1356 2056 1404 2090 IV
1423 2060 1476 2098 13,
1491 2060 1535 2090 30
1557 2057 1596 2088 ut

855 2106 947 2139 enim
981 2106 1141 2148 corporis
1175 2104 1398 2148 temperatio,
1439 2114 1518 2137 cum
1555 2112 1597 2135 ea

855 2156 1058 2196 congruunt
1086 2153 1178 2186 inter
1205 2162 1257 2193 se,
1290 2162 1332 2185 ex
1357 2151 1487 2194 quibus
1512 2160 1595 2183 eon·

854 2202 1008 2240 stamus,
1039 2200 1199 2240 sanitas,
1229 2199 1282 2232 sie
1308 2198 1423 2232 animi
1448 2197 1598 2237 dieitur,

854 2257 934 2280 eum
965 2246 1041 2280 eius
1069 2246 1209 2280 iudicia
1234 2246 1489 2289 opinionesque
1514 2254 1594 2278 con-

854 2293 1014 2327 eordant.

902 2341 1007 2384 quasi
1025 2341 1202 2383 fastorum
1222 2340 1289 2374 eet.
1340 2339 1446 2383 quasi
1464 2338 1599 2383 geh6rt,

856 2399 899 2421 zu
924 2387 1007 2421 dem
1034 2399 1173 2431 ganzen
1195 2386 1300 2421 Satze
1324 2389 1505 2420 notantem
1525 2387 1597 2419 cet.

856 2435 930 2469 Der
949 2435 1072 2476 Mond,
1091 2434 1186 2468 nach
1207 2434 1337 2468 dessen
1357 2433 1422 2467 Zu—
1436 2431 1509 2466 und
1524 2431 1596 2465 Ab·

856 2482 990 2516 nahme
1018 2481 1082 2516 der
1100 2481 1285 2515 Kalender
1307 2480 1474 2525 geregelt
1494 2478 1597 2521 wird,

859 2529 1072 2563 bezeichnet
1117 2527 1319 2572 gleichsam
1371 2527 1486 2561 selbst,
1528 2525 1596 2559 wie

859 2576 918 2610 ein
943 2574 1279 2610 Kalendermaeher
1305 2573 1364 2608 die
1391 2574 1502 2618 Tage.

905 2624 986 2658 orbe
1018 2624 1059 2657 in
1083 2622 1268 2657 duodecim
1291 2633 1346 2665 p.‚
1369 2621 1443 2655 der
1468 2619 1598 2654 Zodia-

857 2670 926 2704 kus
952 2671 1040 2705 oder
1065 2669 1261 2704 Tierkreis.

904 2718 1060 2761 quinque
1091 2717 1228 2758 stellas,
1260 2715 1318 2749 die
1346 2719 1364 2748 5
1391 2713 1461 2748 den
1487 2711 1598 2746 Alten

857 2764 1069 2798 bekannten
1083 2763 1274 2804 Planeten,
1289 2761 1448 2803 Merkur,
1462 2759 1599 2802 Venus,

857 2811 972 2853 Mars,
997 2809 1158 2853 Jupiter,
1186 2808 1330 2842 saturn.

904 2857 1113 2902 disparibus
1138 2856 1307 2898 motibus,
1332 2854 1406 2899 vgl.
1433 2857 1451 2896 ξ
1478 2858 1532 2888 62.
