1817 3103
285 54 678 91 TUSCULANARUM
706 55 1105 91 DISPUTATIONUM
1132 57 1174 91 ΙΙ.
1203 62 1304 92 5—9.
1516 57 1570 98 75

17 168 206 209 diocriter
244 166 401 217 quidem
439 166 578 205 doctus
616 167 778 217 ignorat.
841 165 964 211 Quam
1003 166 1051 204 oh
1093 179 1193 217 rem,
1233 171 1415 217 quoniam
1453 181 1570 219 quem

21 226 67 268 ad
105 224 262 264 modum
301 225 431 264 dicant
468 226 542 276 ipsi
581 236 657 262 non
696 223 891 274 laborant,
936 237 1006 262 cur
1045 224 1199 275 legendi
1239 227 1331 276 sint,
1377 228 1451 265 nisi
1494 228 1568 277 ipsi

19 287 121 326 inter
165 296 224 334 se,
269 285 334 334 qui
378 283 480 322 idem
524 284 716 333 sentiunt,
761 295 837 321 non
882 282 1074 333 intellego.
1136 282 1250 334 Nam,
1290 291 1331 321 ut
1369 284 1603 323 l'latonem8

19 343 269 394 reliquosque
304 342 524 381 Socraticos
562 347 601 380 et
636 341 820 392 deinceps
853 354 937 393 eos,
977 343 1042 392 qui
1081 341 1127 380 ab
1167 341 1225 380 his
1264 342 1428 392 profecti
1467 350 1570 394 sunt,

19 402 155 454 legunt
185 413 338 452 omnes,
370 403 486 439 etiam
525 402 591 451 qui
630 400 692 439 illa
730 407 796 439 aut
834 412 911 438 non
950 399 1166 450 adprobant
1204 407 1271 439 aut
1309 412 1385 438 non
1423 400 1569 438 studio-

19 461 170 502 sissime
212 466 507 511 consectantur,
546 459 761 510 Epicurum
802 465 932 497 autem
976 464 1015 496 et
1056 458 1322 497 Metrodorum
1368 471 1446 497 non
1489 458 1568 496 fere

18 524 172 572 praeter
213 531 304 557 suos
347 520 553 569 quisquam
593 519 632 556 in
672 530 810 556 manus
851 519 989 570 sumit,
1030 519 1086 556 sic
1129 517 1199 556 hos
1232 517 1389 556 Latinos
1431 518 1457 555 ii
1498 517 1570 554 soli

17 578 167 630 legunt,
200 578 267 628 qui
298 576 361 616 illa
393 583 499 616 recte
532 576 608 615 dici
646 581 793 627 putant.
856 576 975 614 Nobis
1007 583 1138 615 autem
1171 576 1341 628 videtur,
1381 575 1568 627 quicquid

18 637 157 677 litteris
189 635 412 687 mandetur,
450 635 487 673 id
522 635 785 673 commendari
818 637 992 673 omnium
1024 635 1269 674 eruditorum
1307 635 1465 673 lectioni
1504 634 1568 672 de-

13 707 122 746 cere3
155 707 244 745 nec,
277 696 309 733 si
341 694 379 733 id
410 695 484 745 ipsi
516 695 644 732 minus
674 696 862 745 consequi
887 706 1114 746 possumus,
1147 694 1294 732 idcirco
1328 695 1457 732 minus
1491 692 1567 742 [id]

16 756 67 795 ita
99 753 319 792 faciendum
351 765 437 792 esse
470 754 673 791 sentimus.
735 752 868 803 Itaque
902 752 995 791 mihi
1028 765 1182 804 semper
1214 752 1602 803 Peripateticorumf)

14 807 321 863 Academiaeque
360 811 603 850 consuetudo
642 811 689 850 de
727 811 908 850 omnibus
946 811 1065 850 rebus
1104 813 1142 849 in
1182 812 1398 850 contrarias
1436 816 1568 862 partes

40 870 233 911 isserendi
277 882 354 909 non
399 869 447 908 ob
492 882 576 909 eam
621 882 776 909 causam
820 870 946 908 solum
990 870 1151 921 placuit,
1197 869 1301 921 quod
1339 869 1450 908 aliter
1490 881 1567 907 non

13 935 147 983 posset
187 929 280 980 quid
320 930 360 968 in
403 941 557 980 quaque
598 941 640 967 re
682 931 764 967 veri
805 929 928 968 simile
971 937 1075 968 esset
1115 931 1299 980 inveniri,
1341 929 1409 967 sed
1452 929 1568 966 etiam

13 988 118 1042 quod
151 994 256 1027 esset
287 1001 331 1027 ea
363 1000 541 1026 maxuma
571 987 725 1026 dicendi
750 989 989 1026 exercitatio.
1048 988 1131 1033 Qua
1162 989 1347 1040 princeps
1381 999 1476 1026 usus
1509 993 1567 1025 est

13 1047 262 1098 Aristoteles,
295 1046 433 1085 deinde
473 1059 562 1085 eum
601 1048 668 1097 qui
706 1048 831 1085 secuti
869 1053 972 1085 sunt.
1034 1046 1174 1085 Nostra
1213 1052 1343 1085 autem
1382 1047 1567 1084 memoria

10 1105 139 1158 Philo,
179 1118 294 1157 quem
327 1118 398 1144 nos
431 1106 656 1156 frequenter
688 1106 922 1157 audivimus,
961 1107 1130 1144 instituit
1163 1105 1236 1144 alio
1270 1112 1446 1156 tempore
1479 1104 1566 1143 rhe-

14 1171 142 1205 torum
180 1171 387 1216 praecepta
425 1164 596 1214 tradere,
635 1164 707 1202 alio
746 1164 1086 1215 philosophorum:
1125 1164 1171 1202 ad
1211 1176 1326 1215 quam
1366 1176 1435 1202 nos
1475 1175 1564 1201 con-

13 1223 261 1264 suetudinem
293 1235 312 1261 a
345 1222 598 1261 familiaribus
626 1224 771 1261 nostris
798 1222 954 1261 adducti
986 1224 1024 1260 in
1052 1223 1273 1261 Tusculano
1302 1222 1405 1273 quod
1432 1222 1566 1260 datum

13 1289 73 1322 est
103 1283 291 1333 temporis
323 1280 434 1320 nobis
472 1282 512 1319 in
549 1293 595 1320 eo
634 1283 960 1333 consumpsimus.
1021 1281 1156 1332 Itaque
1196 1293 1285 1320 cum
1324 1288 1412 1319 ante
1450 1282 1565 1319 meri-

13 1341 114 1381 diem
140 1341 301 1380 dictioni
326 1352 486 1392 operam
511 1339 766 1392 dedissemus,
793 1342 895 1379 sicut
920 1340 1044 1391 pridie
1073 1341 1310 1391 feceramus,
1336 1346 1424 1391 post
1450 1341 1564 1378 meri-

13 1399 116 1440 diem
153 1401 193 1439 in
225 1399 472 1438 Academiam
510 1399 795 1439 descendimus.
857 1399 901 1438 In
940 1411 1015 1450 qua
1052 1399 1356 1450 dIsputationem
1396 1398 1565 1437 habitam

822 1501 988 1535 mendari
1013 1502 1171 1536 omnium
1193 1503 1261 1536 cet.
1282 1500 1446 1543 bezieht,
1474 1511 1567 1535 wor-

823 1548 889 1582 auf
916 1548 1035 1583 dieses
1068 1549 1107 1583 id
1138 1548 1243 1583 nicht
1280 1548 1357 1583 sich
1384 1547 1564 1582 beziehen

13 1498 229 1543 Πλάτωνος,
262 1499 300 1535 οἷ
328 1498 402 1536 ἀπὸ
434 1501 498 1544 τῆς
522 1498 749 1546 Ἀκαδημίας.

12 1547 59 1584 de
84 1559 133 1583 or.
161 1549 194 1582 II
219 1551 275 1591 38,
300 1553 366 1583 160
392 1552 469 1583 erat
494 1549 586 1583 enim
612 1549 656 1583 ab
683 1549 751 1582 isto

11 1596 211 1630 Aristotele.
262 1595 307 1630 de
338 1594 397 1630 off.
430 1596 481 1630 III
514 1600 574 1639 33,
608 1599 673 1630 116
705 1596 750 1630 ab

11 1643 202 1686 Aristippo
230 1641 430 1688 Cyrenaici.
482 1643 626 1677 Ebenso
658 1642 751 1676 wird

11 1690 54 1725 de
78 1689 283 1734 gebraucht
308 1693 339 1731 6,
369 1694 410 1724 15
436 1691 628 1724 multorum
654 1693 685 1723 et
710 1690 752 1724 <le

11 1737 126 1772 varii-s
150 1737 355 1781 disciplinis
378 1737 679 1782 philosophorum.

59 1784 122 1828 qui
146 1784 239 1818 idem
263 1785 439 1826 sentiunt,
466 1783 525 1818 die
553 1796 595 1818 zu
618 1783 752 1819 dersel—

13 1830 85 1866 ben
110 1830 235 1865 Partei
260 1831 434 1875 gehoren.

59 1881 92 1913 8.
118 1877 334 1922 Epicurum.
382 1877 431 1912 Er
457 1878 667 1913 verachtete
694 1877 752 1913 die

13 1923 205 1960 Dialektik
230 1924 305 1959 und
330 1924 455 1959 stellte
489 1925 528 1959 in
561 1925 624 1959 der
655 1925 751 1960 Rhe-

12 1971 110 2007 torik
130 1971 188 2006 die
209 1971 350 2016 einzige
372 1971 644 2016 Anforderung,
672 1971 751 2006 dass

12 2017 92 2054 eine
126 2018 262 2053 Schrift
293 2018 375 2053 klar
409 2019 649 2064 geschrieben
687 2020 749 2054 sei.

13 2064 117 2110 Diog.
143 2066 177 2100 X
204 2069 258 2100 13.
310 2066 365 2100 Da
390 2076 430 2100 er
453 2066 527 2101 viel
558 2067 634 2100 und
662 2066 752 2111 eilig

13 2113 462 2157 sehrieb,ern1angelten
488 2113 587 2148 seine
615 2113 750 2148 Schrif-

13 2161 75 2195 ten
112 2159 176 2195 der
208 2159 449 2195 stilistischen
476 2159 640 2204 Sorgfalt
676 2161 751 2195 und

13 2204 120 2241 litten
145 2217 193 2241 an
210 2206 386 2252 haufigen
399 2207 749 2253 Wiederholungen.

15 2251 117 2298 Diog.
143 2254 177 2288 X
202 2258 257 2289 27.
309 2253 369 2288 Sie
400 2254 564 2289 konnten
596 2254 750 2290 deshalb

13 2310 80 2334 nur
123 2300 181 2335 die
226 2299 418 2343 anziehen,
466 2301 606 2336 welche
649 2301 750 2336 seine

13 2344 251 2392 Philosophie
264 2348 500 2393 griindlicher
518 2348 663 2383 kennen
679 2349 750 2383 ler-

12 2403 83 2429 nen
107 2395 269 2430 wollten.

61 2441 292 2477 Metrodorus
328 2453 404 2476 war
446 2441 475 2475 E
479 2442 604 2487 pikurs
642 2442 749 2477 Lieb-

15 2485 267 2532 lingsschiiler
306 2488 388 2524 Wie
403 2489 502 2524 seine
517 2489 751 2524 zahlreichen

15 2531 197 2570 Schriften
227 2535 411 2581 abgefasst
441 2547 579 2580 waren,
618 2536 751 2572 wissen

14 2580 81 2616 wir
103 2581 216 2617 nicht.

59 2628 114 2663 ita
137 2629 360 2671 faciendum,
391 2630 456 2665 das
482 2629 685 2666 Verfahren
710 2643 749 2666 so

15 2673 270 2712 einzurichten.
320 2677 404 2722 Vgl.
434 2681 492 2720 14,
520 2681 563 2712 33
596 2679 671 2712 nisi
695 2679 750 2713 ita

14 2721 134 2763 facies.
184 2723 259 2758 Aus
303 2689 387 2759 detgn
425 2705 573 2760 Gn’mde
616 2724 749 2760 mnsste

13 2769 109 2803 auch
144 2770 184 2804 id
219 2771 427 2816 gestrichen
467 2772 628 2814 werden,
666 2772 751 2806 weil

15 2813 94 2850 sich
119 2815 183 2851 das
201 2817 500 2864 vorhergehende
520 2819 560 2854 id
579 2800 645 2854 au’f
661 2829 750 2854 com-

823 1595 960 1630 wiirde.

872 1646 902 1678 9.
929 1643 1146 1677 Aristoteles.
1198 1642 1321 1676 Durch
1354 1642 1567 1686 Erwiigung

824 1689 888 1723 der
913 1689 1061 1724 Grande
1097 1689 1171 1724 und
1206 1689 1473 1734 Gegengrtinde
1507 1688 1565 1723 die

824 1736 1020 1771 Wahrheit
1040 1749 1084 1770 zu
1104 1736 1332 1780 erforschen,
1359 1747 1433 1770 war
1452 1736 1566 1770 sehon

826 1782 951 1818 Platos
973 1783 1047 1818 und
1072 1783 1136 1818 der
1155 1784 1328 1817 friiheren
1349 1783 1566 1818 Sokratiker

825 1830 1017 1872 Methode,
1061 1830 1278 1865 Aristoteles
1329 1830 1452 1865 fiihrte
1502 1829 1566 1864 der

824 1859 1082 1912 rednerisclien
1096 1869 1230 1922 Ubung
1250 1877 1379 1912 halber
1399 1877 1469 1919 ein,
1489 1888 1564 1911 was

824 1924 882 1958 fiir
908 1924 983 1959 und
1007 1935 1127 1970 gegen
1147 1925 1228 1959 eine
1250 1923 1367 1959 Sache
1387 1937 1431 1958 zu
1451 1935 1565 1968 sagen

824 1983 914 2014 war,
941 1972 979 2006 in
999 1972 1227 2007 besonderen
1240 1971 1463 2016 Vortragen,
1489 1969 1565 2007 ἐπι-

824 2020 975 2061 δείξεις,
1008 2018 1266 2053 dai-‚zustellen
1317 2018 1362 2053 de
1388 2019 1446 2054 fin
1474 2018 1506 2052 V
1531 2023 1564 2060 4,

826 2070 868 2100 10
895 2067 938 2101 ab
964 2067 1222 2110 Aristoteleque
1242 2066 1412 2110 principe
1431 2067 1473 2100 de
1491 2067 1564 2101 sin—

822 2114 918 2158 yulis
945 2114 1047 2148 rebus
1071 2115 1113 2148 in
1138 2118 1326 2157 utramque
1348 2116 1489 2157 partem
1508 2113 1565 2148 di—

823 2161 926 2195 cendi
951 2161 1159 2195 eaeercz'tatio
1185 2164 1234 2195 est
1258 2161 1429 2194 instituta
1455 2180 1500 2185 —
1524 2164 1565 2194 ut

822 2208 863 2241 in
888 2208 1053 2242 omnibus
1077 2208 1182 2242 rebus
1208 2207 1379 2252 quicquid
1401 2218 1445 2242 ecc
1464 2211 1564 2242 utra-

822 2265 889 2299 que
909 2258 1016 2298 parte
1042 2255 1115 2289 dici
1136 2258 1257 2298 posset
1282 2259 1511 2298 expromeret.

873 2302 998 2344 Philo,
1024 2314 1049 2336 s.
1077 2301 1172 2336 Einl.
1199 2305 1218 2343 ἓ·
1246 2305 1300 2336 ⁶20.

871 2349 944 2384 alio
970 2353 1121 2393 tempore
1143 2349 1322 2383 rhetorum
1343 2349 1566 2383 081).Αοοὴ

824 2395 901 2430 dies
928 2396 997 2430 soll
1029 2397 1147 2430 zuerst
1172 2396 1391 2430 Aristoteles
1425 2396 1565 2441 gethan

823 2443 960 2486 haben,
997 2443 1061 2477 der
1098 2442 1156 2477 die
1194 2443 1454 2478 rednerischen
1490 2443 1565 2477 und

823 2490 1311 2535 popularphilosophisehen
1384 2489 1566 2544 [bungen

823 2537 1074 2582 nachmittags
1142 2534 1564 2579 νοῐηα11111,δειλινὸς

823 2585 1042 2626 περίπατος,
1069 2584 1162 2619 Gell.
1188 2584 1256 2619 XX
1283 2588 1321 2627 5,
1349 2588 1381 2620 5.

869 2633 910 2666 in
935 2642 990 2674 eo,
1017 2631 1050 2666 d.
1071 2630 1093 2666 i.
1116 2632 1156 2666 in
1181 2631 1403 2675 disputando
1429 2634 1460 2665 et
1480 2631 1563 2674 phi—

822 2679 1051 2723 losophando.

870 2727 910 2760 in
935 2726 1169 2760 Academiam
1195 2725 1455 2759 descendimus.-
1492 2723 1567 2757 Auf

823 2773 963 2807 seinem
983 2772 1232 2807 Tusculanum
1252 2771 1356 2805 hatte
1378 2770 1451 2806 Cic.
1473 2769 1564 2804 zwei

824 2821 1048 2864 sogenannte
1057 2817 1281 2863 Gymnasien
1289 2817 1474 2853 errichtet.
1489 2816 1564 2852 Das
