<?xml version="1.0" encoding="UTF-8"?>
<!DOCTYPE html PUBLIC "-//W3C//DTD XHTML 1.0 Transitional//EN"
    "http://www.w3.org/TR/xhtml1/DTD/xhtml1-transitional.dtd">
<html xmlns="http://www.w3.org/1999/xhtml" xml:lang="en" lang="en">
 <head>
  <title>
</title>
<meta http-equiv="Content-Type" content="text/html;charset=utf-8" />
  <meta name='ocr-system' content='tesseract 3.04.00' />
  <meta name='ocr-capabilities' content='ocr_page ocr_carea ocr_par ocr_line ocrx_word'/>
</head>
<body>
  <div class='ocr_page' id='page_1' title='image "./tusculanarumdisp01ciceuoft_0085.png"; bbox 0 0 1817 3103; ppageno 0'>
   <div class='ocr_carea' id='block_1_1' title="bbox 0 81 1676 1354">
    <p class='ocr_par' dir='ltr' id='par_1_1' title="bbox 44 81 1641 420">
     <span class='ocr_line' id='line_1_1' title="bbox 302 81 1605 124; baseline 0 -6"><span class='ocrx_word' id='word_1_1' title='bbox 302 81 699 119; x_wconf 80' lang='lat' dir='ltr'>TUSCULANARUM</span> <span class='ocrx_word' id='word_1_2' title='bbox 725 81 1122 116; x_wconf 86' lang='lat' dir='ltr'>DISPUTATIONUM</span> <span class='ocrx_word' id='word_1_3' title='bbox 1148 82 1173 116; x_wconf 95' lang='lat' dir='ltr'>I.</span> <span class='ocrx_word' id='word_1_4' title='bbox 1202 88 1351 119; x_wconf 79' lang='grc'>90-94,</span> <span class='ocrx_word' id='word_1_5' title='bbox 1549 84 1605 124; x_wconf 77' lang='lat'>55</span> 
     </span>
     <span class='ocr_line' id='line_1_2' title="bbox 46 191 1604 246; baseline 0 -14"><span class='ocrx_word' id='word_1_6' title='bbox 46 206 126 246; x_wconf 80' lang='lat' dir='ltr'>qua</span> <span class='ocrx_word' id='word_1_7' title='bbox 163 194 390 244; x_wconf 87' lang='lat' dir='ltr'>consopitus</span> <span class='ocrx_word' id='word_1_8' title='bbox 433 198 610 243; x_wconf 88' lang='lat' dir='ltr'>putatur,</span> <span class='ocrx_word' id='word_1_9' title='bbox 655 197 698 231; x_wconf 92' lang='lat' dir='ltr'>ut</span> <span class='ocrx_word' id='word_1_10' title='bbox 741 204 830 230; x_wconf 81' lang='lat' dir='ltr'>euin</span> <span class='ocrx_word' id='word_1_11' title='bbox 875 191 1134 229; x_wconf 79' lang='lat' dir='ltr'>dormientem</span> <span class='ocrx_word' id='word_1_12' title='bbox 1173 192 1446 232; x_wconf 71' lang='lat' dir='ltr'>oscularetur?</span> <span class='ocrx_word' id='word_1_13' title='bbox 1504 194 1604 239; x_wconf 83' lang='lat' dir='ltr'>Quid</span> 
     </span>
     <span class='ocr_line' id='line_1_3' title="bbox 48 248 1603 303; baseline -0.001 -12"><span class='ocrx_word' id='word_1_14' title='bbox 48 257 162 292; x_wconf 86' lang='lat' dir='ltr'>curet</span> <span class='ocrx_word' id='word_1_15' title='bbox 187 257 327 303; x_wconf 82' lang='lat' dir='ltr'>autem,</span> <span class='ocrx_word' id='word_1_16' title='bbox 361 252 427 301; x_wconf 90' lang='lat' dir='ltr'>qui</span> <span class='ocrx_word' id='word_1_17' title='bbox 455 263 502 289; x_wconf 89' lang='lat' dir='ltr'>ne</span> <span class='ocrx_word' id='word_1_18' title='bbox 530 251 649 288; x_wconf 82' lang='lat' dir='ltr'>sentit</span> <span class='ocrx_word' id='word_1_19' title='bbox 675 248 862 300; x_wconf 80' lang='lat' dir='ltr'>quidem?</span> <span class='ocrx_word' id='word_1_20' title='bbox 906 249 1034 288; x_wconf 90' lang='lat' dir='ltr'>lIabes</span> <span class='ocrx_word' id='word_1_21' title='bbox 1061 262 1240 288; x_wconf 89' lang='lat' dir='ltr'>somnum</span> <span class='ocrx_word' id='word_1_22' title='bbox 1267 252 1474 301; x_wconf 80' lang='lat' dir='ltr'>imaginem</span> <span class='ocrx_word' id='word_1_23' title='bbox 1502 265 1603 290; x_wconf 87' lang='lat' dir='ltr'>mor-</span> 
     </span>
     <span class='ocr_line' id='line_1_4' title="bbox 49 308 1604 360; baseline -0.001 -11"><span class='ocrx_word' id='word_1_24' title='bbox 49 312 99 350; x_wconf 85' lang='lat' dir='ltr'>tis</span> <span class='ocrx_word' id='word_1_25' title='bbox 131 321 294 360; x_wconf 83' lang='lat' dir='ltr'>eamque</span> <span class='ocrx_word' id='word_1_26' title='bbox 328 309 470 348; x_wconf 79' lang='lat' dir='ltr'>cotidie</span> <span class='ocrx_word' id='word_1_27' title='bbox 503 308 653 347; x_wconf 89' lang='lat' dir='ltr'>induis:</span> <span class='ocrx_word' id='word_1_28' title='bbox 687 314 725 347; x_wconf 93' lang='lat' dir='ltr'>et</span> <span class='ocrx_word' id='word_1_29' title='bbox 757 308 911 347; x_wconf 80' lang='lat' dir='ltr'>dubitas</span> <span class='ocrx_word' id='word_1_30' title='bbox 944 310 1037 358; x_wconf 89' lang='lat' dir='ltr'>quin</span> <span class='ocrx_word' id='word_1_31' title='bbox 1071 321 1211 346; x_wconf 81' lang='lat' dir='ltr'>seusus</span> <span class='ocrx_word' id='word_1_32' title='bbox 1243 310 1282 346; x_wconf 90' lang='lat' dir='ltr'>in</span> <span class='ocrx_word' id='word_1_33' title='bbox 1316 316 1439 347; x_wconf 83' lang='lat' dir='ltr'>morte</span> <span class='ocrx_word' id='word_1_34' title='bbox 1474 311 1604 349; x_wconf 89' lang='lat' dir='ltr'>nullus</span> 
     </span>
     <span class='ocr_line' id='line_1_5' title="bbox 44 364 1644 438; baseline -0.002 -31"><span class='ocrx_word' id='word_1_35' title='bbox 44 370 110 420; x_wconf 78' lang='lat' dir='ltr'>sit,</span> <span class='ocrx_word' id='word_1_36' title='bbox 143 380 232 407; x_wconf 90' lang='lat' dir='ltr'>cum</span> <span class='ocrx_word' id='word_1_37' title='bbox 265 370 304 406; x_wconf 76' lang='lat' dir='ltr'>in</span> <span class='ocrx_word' id='word_1_38' title='bbox 338 369 422 406; x_wconf 88' lang='lat' dir='ltr'>eius</span> <span class='ocrx_word' id='word_1_39' title='bbox 455 367 662 406; x_wconf 87' lang='lat' dir='ltr'>simulacro</span> <span class='ocrx_word' id='word_1_40' title='bbox 697 367 825 405; x_wconf 88' lang='lat' dir='ltr'>videas</span> <span class='ocrx_word' id='word_1_41' title='bbox 857 379 942 405; x_wconf 89' lang='lat' dir='ltr'>esse</span> <span class='ocrx_word' id='word_1_42' title='bbox 978 367 1128 405; x_wconf 86' lang='lat' dir='ltr'>nullum</span> <span class='ocrx_word' id='word_1_43' title='bbox 1161 380 1201 405; x_wconf 86' lang='grc'>5(</span> <span class='ocrx_word' id='word_1_44' title='bbox 1193 364 1349 405; x_wconf 85' lang='lat' dir='ltr'>nsum‘?</span> <span class='ocrx_word' id='word_1_45' title='bbox 1619 400 1644 438; x_wconf 74' lang='lat'><strong>3</strong></span> 
     </span>
    </p>

    <p class='ocr_par' dir='ltr' id='par_1_2' title="bbox 0 418 1676 1354">
     <span class='ocr_line' id='line_1_6' title="bbox 164 418 1661 479; baseline 0 -15"><span class='ocrx_word' id='word_1_46' title='bbox 164 426 363 464; x_wconf 86' lang='lat' dir='ltr'>Pellantur</span> <span class='ocrx_word' id='word_1_47' title='bbox 395 438 487 476; x_wconf 86' lang='lat' dir='ltr'>ergo</span> <span class='ocrx_word' id='word_1_48' title='bbox 520 427 615 464; x_wconf 86' lang='lat' dir='ltr'>istae</span> <span class='ocrx_word' id='word_1_49' title='bbox 648 427 815 476; x_wconf 78' lang='lat' dir='ltr'>ineptiae</span> <span class='ocrx_word' id='word_1_50' title='bbox 853 437 975 476; x_wconf 91' lang='lat' dir='ltr'>paene</span> <span class='ocrx_word' id='word_1_51' title='bbox 1015 425 1156 477; x_wconf 66' lang='lat' dir='ltr'>annus,</span> <span class='ocrx_word' id='word_1_52' title='bbox 1195 431 1282 463; x_wconf 90' lang='lat' dir='ltr'>ante</span> <span class='ocrx_word' id='word_1_53' title='bbox 1317 431 1471 476; x_wconf 85' lang='lat' dir='ltr'>tempus</span> <span class='ocrx_word' id='word_1_54' title='bbox 1505 418 1661 479; x_wconf 77' lang='lat' dir='ltr'>mori9’3</span> 
     </span>
     <span class='ocr_line' id='line_1_7' title="bbox 46 481 1603 534; baseline -0.002 -10"><span class='ocrx_word' id='word_1_55' title='bbox 46 486 234 524; x_wconf 88' lang='lat' dir='ltr'>miserum</span> <span class='ocrx_word' id='word_1_56' title='bbox 268 497 364 524; x_wconf 86' lang='lat' dir='ltr'>esse</span> <span class='ocrx_word' id='word_1_57' title='bbox 428 484 539 530; x_wconf 90' lang='lat' dir='ltr'>Quod</span> <span class='ocrx_word' id='word_1_58' title='bbox 572 484 727 522; x_wconf 88' lang='lat' dir='ltr'>tandem</span> <span class='ocrx_word' id='word_1_59' title='bbox 761 482 943 534; x_wconf 69' lang='lat' dir='ltr'>tempus?</span> <span class='ocrx_word' id='word_1_60' title='bbox 985 481 1227 522; x_wconf 87' lang='lat' dir='ltr'>naturaene‘?</span> <span class='ocrx_word' id='word_1_61' title='bbox 1290 485 1337 522; x_wconf 77' lang='lat' dir='ltr'>At</span> <span class='ocrx_word' id='word_1_62' title='bbox 1369 497 1412 522; x_wconf 91' lang='lat' dir='ltr'>ea</span> <span class='ocrx_word' id='word_1_63' title='bbox 1446 484 1603 534; x_wconf 87' lang='lat' dir='ltr'>quidem</span> 
     </span>
     <span class='ocr_line' id='line_1_8' title="bbox 43 542 1603 593; baseline -0.001 -11"><span class='ocrx_word' id='word_1_64' title='bbox 43 543 155 582; x_wconf 75' lang='lat' dir='ltr'>dedit</span> <span class='ocrx_word' id='word_1_65' title='bbox 187 556 346 582; x_wconf 87' lang='lat' dir='ltr'>usuram</span> <span class='ocrx_word' id='word_1_66' title='bbox 380 545 477 582; x_wconf 82' lang='lat' dir='ltr'>vitae</span> <span class='ocrx_word' id='word_1_67' title='bbox 513 548 709 593; x_wconf 88' lang='lat' dir='ltr'>tamquam</span> <span class='ocrx_word' id='word_1_68' title='bbox 741 544 931 593; x_wconf 88' lang='lat' dir='ltr'>pecuniae</span> <span class='ocrx_word' id='word_1_69' title='bbox 964 542 1068 580; x_wconf 88' lang='lat' dir='ltr'>nulla</span> <span class='ocrx_word' id='word_1_70' title='bbox 1102 544 1333 593; x_wconf 84' lang='lat' dir='ltr'>praestituta</span> <span class='ocrx_word' id='word_1_71' title='bbox 1366 543 1439 580; x_wconf 91' lang='lat' dir='ltr'>die.</span> <span class='ocrx_word' id='word_1_72' title='bbox 1503 543 1603 588; x_wconf 85' lang='lat' dir='ltr'>Quid</span> 
     </span>
     <span class='ocr_line' id='line_1_9' title="bbox 47 600 1604 653; baseline -0.001 -13"><span class='ocrx_word' id='word_1_73' title='bbox 47 607 108 641; x_wconf 86' lang='lat' dir='ltr'>est</span> <span class='ocrx_word' id='word_1_74' title='bbox 138 603 258 653; x_wconf 82' lang='lat' dir='ltr'>igitur</span> <span class='ocrx_word' id='word_1_75' title='bbox 291 602 394 653; x_wconf 90' lang='lat' dir='ltr'>quod</span> <span class='ocrx_word' id='word_1_76' title='bbox 429 614 606 652; x_wconf 78' lang='lat' dir='ltr'>querare,</span> <span class='ocrx_word' id='word_1_77' title='bbox 639 602 671 639; x_wconf 85' lang='lat' dir='ltr'>si</span> <span class='ocrx_word' id='word_1_78' title='bbox 704 603 860 652; x_wconf 85' lang='lat' dir='ltr'>repetit,</span> <span class='ocrx_word' id='word_1_79' title='bbox 893 613 980 639; x_wconf 85' lang='lat' dir='ltr'>cum</span> <span class='ocrx_word' id='word_1_80' title='bbox 1014 600 1120 639; x_wconf 74' lang='lat' dir='ltr'>volt?</span> <span class='ocrx_word' id='word_1_81' title='bbox 1161 614 1205 639; x_wconf 90' lang='lat' dir='ltr'>ea</span> <span class='ocrx_word' id='word_1_82' title='bbox 1239 603 1342 639; x_wconf 87' lang='lat' dir='ltr'>enim</span> <span class='ocrx_word' id='word_1_83' title='bbox 1375 601 1604 639; x_wconf 75' lang='lat' dir='ltr'>condicione</span> 
     </span>
     <span class='ocr_line' id='line_1_10' title="bbox 45 659 1604 712; baseline 0 -14"><span class='ocrx_word' id='word_1_84' title='bbox 45 672 264 711; x_wconf 82' lang='lat' dir='ltr'>acceperas.</span> <span class='ocrx_word' id='word_1_85' title='bbox 328 660 467 712; x_wconf 76' lang='lat' dir='ltr'>iidem,</span> <span class='ocrx_word' id='word_1_86' title='bbox 500 661 532 698; x_wconf 89' lang='lat' dir='ltr'>si</span> <span class='ocrx_word' id='word_1_87' title='bbox 564 672 662 710; x_wconf 88' lang='lat' dir='ltr'>puer</span> <span class='ocrx_word' id='word_1_88' title='bbox 694 672 836 710; x_wconf 84' lang='lat' dir='ltr'>parvus</span> <span class='ocrx_word' id='word_1_89' title='bbox 869 659 1029 711; x_wconf 82' lang='lat' dir='ltr'>occidit,</span> <span class='ocrx_word' id='word_1_90' title='bbox 1068 672 1192 710; x_wconf 88' lang='lat' dir='ltr'>aequo</span> <span class='ocrx_word' id='word_1_91' title='bbox 1231 661 1359 698; x_wconf 86' lang='lat' dir='ltr'>animo</span> <span class='ocrx_word' id='word_1_92' title='bbox 1400 660 1604 698; x_wconf 83' lang='lat' dir='ltr'>serendum</span> 
     </span>
     <span class='ocr_line' id='line_1_11' title="bbox 43 718 1605 771; baseline -0.001 -14"><span class='ocrx_word' id='word_1_93' title='bbox 43 724 203 771; x_wconf 80' lang='lat' dir='ltr'>putant,</span> <span class='ocrx_word' id='word_1_94' title='bbox 245 720 277 757; x_wconf 87' lang='lat' dir='ltr'>si</span> <span class='ocrx_word' id='word_1_95' title='bbox 309 731 400 757; x_wconf 91' lang='lat' dir='ltr'>vcro</span> <span class='ocrx_word' id='word_1_96' title='bbox 434 720 473 757; x_wconf 93' lang='lat' dir='ltr'>in</span> <span class='ocrx_word' id='word_1_97' title='bbox 513 720 642 770; x_wconf 82' lang='lat' dir='ltr'>cunis,</span> <span class='ocrx_word' id='word_1_98' title='bbox 684 730 732 756; x_wconf 89' lang='lat' dir='ltr'>ne</span> <span class='ocrx_word' id='word_1_99' title='bbox 777 718 1020 768; x_wconf 88' lang='lat' dir='ltr'>querendum</span> <span class='ocrx_word' id='word_1_100' title='bbox 1060 718 1228 769; x_wconf 86' lang='lat' dir='ltr'>quidem.</span> <span class='ocrx_word' id='word_1_101' title='bbox 1291 719 1407 769; x_wconf 86' lang='lat' dir='ltr'>Atqui</span> <span class='ocrx_word' id='word_1_102' title='bbox 1447 718 1492 756; x_wconf 90' lang='lat' dir='ltr'>ab</span> <span class='ocrx_word' id='word_1_103' title='bbox 1531 719 1605 756; x_wconf 89' lang='lat' dir='ltr'>hoc</span> 
     </span>
     <span class='ocr_line' id='line_1_12' title="bbox 40 774 1605 828; baseline 0 -13"><span class='ocrx_word' id='word_1_104' title='bbox 40 777 223 816; x_wconf 77' lang='lat' dir='ltr'>acerbius</span> <span class='ocrx_word' id='word_1_105' title='bbox 257 779 385 828; x_wconf 85' lang='lat' dir='ltr'>exegit</span> <span class='ocrx_word' id='word_1_106' title='bbox 423 783 561 816; x_wconf 89' lang='lat' dir='ltr'>natura</span> <span class='ocrx_word' id='word_1_107' title='bbox 601 777 704 827; x_wconf 89' lang='lat' dir='ltr'>quod</span> <span class='ocrx_word' id='word_1_108' title='bbox 744 777 914 816; x_wconf 86' lang='lat' dir='ltr'>dederat.</span> <span class='ocrx_word' id='word_1_109' title='bbox 977 774 1172 815; x_wconf 68' lang='lat' dir='ltr'>‘Nondum</span> <span class='ocrx_word' id='word_1_110' title='bbox 1206 774 1444 827; x_wconf 82' lang='lat' dir='ltr'>gustaverat&#39;</span> <span class='ocrx_word' id='word_1_111' title='bbox 1478 779 1605 827; x_wconf 89' lang='lat' dir='ltr'>inquit</span> 
     </span>
     <span class='ocr_line' id='line_1_13' title="bbox 39 832 1604 888; baseline -0.001 -14"><span class='ocrx_word' id='word_1_112' title='bbox 39 832 158 874; x_wconf 64' lang='lat' dir='ltr'>‘vitae</span> <span class='ocrx_word' id='word_1_113' title='bbox 205 837 450 888; x_wconf 82' lang='lat' dir='ltr'>suavitatem3</span> <span class='ocrx_word' id='word_1_114' title='bbox 506 835 568 874; x_wconf 90' lang='lat' dir='ltr'>hic</span> <span class='ocrx_word' id='word_1_115' title='bbox 612 841 742 874; x_wconf 88' lang='lat' dir='ltr'>autem</span> <span class='ocrx_word' id='word_1_116' title='bbox 785 837 860 873; x_wconf 92' lang='lat' dir='ltr'>iam</span> <span class='ocrx_word' id='word_1_117' title='bbox 906 835 1087 887; x_wconf 85' lang='lat' dir='ltr'>sperabat</span> <span class='ocrx_word' id='word_1_118' title='bbox 1132 848 1286 887; x_wconf 79' lang='lat' dir='ltr'>magna,</span> <span class='ocrx_word' id='word_1_119' title='bbox 1339 835 1482 886; x_wconf 90' lang='lat' dir='ltr'>quibus</span> <span class='ocrx_word' id='word_1_120' title='bbox 1527 837 1604 874; x_wconf 87' lang='lat' dir='ltr'>l&#39;rui</span> 
     </span>
     <span class='ocr_line' id='line_1_14' title="bbox 39 891 1603 946; baseline 0 -14"><span class='ocrx_word' id='word_1_121' title='bbox 39 891 256 945; x_wconf 86' lang='lat' dir='ltr'>-coeperat.&#39;</span> <span class='ocrx_word' id='word_1_122' title='bbox 318 895 366 933; x_wconf 78' lang='lat' dir='ltr'>At</span> <span class='ocrx_word' id='word_1_123' title='bbox 397 894 435 932; x_wconf 93' lang='lat' dir='ltr'>id</span> <span class='ocrx_word' id='word_1_124' title='bbox 469 894 626 944; x_wconf 88' lang='lat' dir='ltr'>quidem</span> <span class='ocrx_word' id='word_1_125' title='bbox 658 896 698 932; x_wconf 92' lang='lat' dir='ltr'>in</span> <span class='ocrx_word' id='word_1_126' title='bbox 731 895 874 932; x_wconf 84' lang='lat' dir='ltr'>ceteris</span> <span class='ocrx_word' id='word_1_127' title='bbox 907 894 1026 933; x_wconf 88' lang='lat' dir='ltr'>rebus</span> <span class='ocrx_word' id='word_1_128' title='bbox 1058 894 1198 933; x_wconf 85' lang='lat' dir='ltr'>melius</span> <span class='ocrx_word' id='word_1_129' title='bbox 1230 900 1403 946; x_wconf 77' lang='lat' dir='ltr'>putatur,</span> <span class='ocrx_word' id='word_1_130' title='bbox 1436 894 1603 945; x_wconf 83' lang='lat' dir='ltr'>aliquam</span> 
     </span>
     <span class='ocr_line' id='line_1_15' title="bbox 44 951 1603 1004; baseline 0 -13"><span class='ocrx_word' id='word_1_131' title='bbox 44 958 198 1004; x_wconf 82' lang='lat' dir='ltr'>partem</span> <span class='ocrx_word' id='word_1_132' title='bbox 231 965 346 1004; x_wconf 89' lang='lat' dir='ltr'>quam</span> <span class='ocrx_word' id='word_1_133' title='bbox 379 952 523 991; x_wconf 86' lang='lat' dir='ltr'>nullam</span> <span class='ocrx_word' id='word_1_134' title='bbox 551 954 761 1003; x_wconf 86' lang='lat' dir='ltr'>attingere:</span> <span class='ocrx_word' id='word_1_135' title='bbox 794 965 864 991; x_wconf 87' lang='lat' dir='ltr'>eur</span> <span class='ocrx_word' id='word_1_136' title='bbox 891 955 928 991; x_wconf 89' lang='lat' dir='ltr'>in</span> <span class='ocrx_word' id='word_1_137' title='bbox 957 954 1032 991; x_wconf 85' lang='lat' dir='ltr'>vita</span> <span class='ocrx_word' id='word_1_138' title='bbox 1060 951 1206 992; x_wconf 79' lang='lat' dir='ltr'>secus?</span> <span class='ocrx_word' id='word_1_139' title='bbox 1256 953 1499 1003; x_wconf 83' lang='lat' dir='ltr'>Quamquam</span> <span class='ocrx_word' id='word_1_140' title='bbox 1526 965 1603 991; x_wconf 89' lang='lat' dir='ltr'>non</span> 
     </span>
     <span class='ocr_line' id='line_1_16' title="bbox 45 1011 1604 1062; baseline 0 -13"><span class='ocrx_word' id='word_1_141' title='bbox 45 1011 145 1049; x_wconf 89' lang='lat' dir='ltr'>male</span> <span class='ocrx_word' id='word_1_142' title='bbox 199 1012 251 1050; x_wconf 85' lang='lat' dir='ltr'>ait</span> <span class='ocrx_word' id='word_1_143' title='bbox 296 1011 552 1050; x_wconf 84' lang='lat' dir='ltr'>Callimachus</span> <span class='ocrx_word' id='word_1_144' title='bbox 604 1011 726 1050; x_wconf 90' lang='lat' dir='ltr'>multo</span> <span class='ocrx_word' id='word_1_145' title='bbox 779 1013 933 1062; x_wconf 84' lang='lat' dir='ltr'>saepius</span> <span class='ocrx_word' id='word_1_146' title='bbox 976 1012 1199 1050; x_wconf 87' lang='lat' dir='ltr'>lacrimasse</span> <span class='ocrx_word' id='word_1_147' title='bbox 1244 1012 1443 1050; x_wconf 88' lang='lat' dir='ltr'>Priamum</span> <span class='ocrx_word' id='word_1_148' title='bbox 1488 1024 1604 1062; x_wconf 89' lang='lat' dir='ltr'>quam</span> 
     </span>
     <span class='ocr_line' id='line_1_17' title="bbox 42 1069 1603 1122; baseline 0.001 -15"><span class='ocrx_word' id='word_1_149' title='bbox 42 1069 235 1108; x_wconf 86' lang='lat' dir='ltr'>Troilum.</span> <span class='ocrx_word' id='word_1_150' title='bbox 269 1069 415 1108; x_wconf 87' lang='lat' dir='ltr'>Eorum</span> <span class='ocrx_word' id='word_1_151' title='bbox 448 1076 595 1122; x_wconf 83' lang='lat' dir='ltr'>autem,</span> <span class='ocrx_word' id='word_1_152' title='bbox 635 1072 701 1121; x_wconf 91' lang='lat' dir='ltr'>qui</span> <span class='ocrx_word' id='word_1_153' title='bbox 735 1076 867 1108; x_wconf 84' lang='lat' dir='ltr'>exacta</span> <span class='ocrx_word' id='word_1_154' title='bbox 900 1076 1023 1109; x_wconf 87' lang='lat' dir='ltr'>aetate</span> <span class='ocrx_word' id='word_1_155' title='bbox 1058 1072 1297 1122; x_wconf 82' lang='lat' dir='ltr'>moriuntur,</span> <span class='ocrx_word' id='word_1_156' title='bbox 1337 1071 1491 1109; x_wconf 83' lang='lat' dir='ltr'>fortuna</span> <span class='ocrx_word' id='word_1_157' title='bbox 1524 1070 1603 1109; x_wconf 89' lang='lat' dir='ltr'>lau-</span> 
     </span>
     <span class='ocr_line' id='line_1_18' title="bbox 41 1126 1663 1180; baseline 0.001 -14"><span class='ocrx_word' id='word_1_158' title='bbox 41 1126 187 1167; x_wconf 79' lang='lat' dir='ltr'>datur?</span> <span class='ocrx_word' id='word_1_159' title='bbox 237 1127 316 1166; x_wconf 80' lang='lat' dir='ltr'>Cui</span> <span class='ocrx_word' id='word_1_160' title='bbox 325 1126 345 1167; x_wconf 71' lang='lat' dir='ltr'>P</span> <span class='ocrx_word' id='word_1_161' title='bbox 384 1141 484 1179; x_wconf 80' lang='lat' dir='ltr'>nam,</span> <span class='ocrx_word' id='word_1_162' title='bbox 517 1141 618 1179; x_wconf 79' lang='grc'>1501,</span> <span class='ocrx_word' id='word_1_163' title='bbox 651 1128 780 1180; x_wconf 82' lang='lat' dir='ltr'>nullis,</span> <span class='ocrx_word' id='word_1_164' title='bbox 814 1130 846 1166; x_wconf 89' lang='lat' dir='ltr'>si</span> <span class='ocrx_word' id='word_1_165' title='bbox 873 1130 947 1167; x_wconf 77' lang='lat' dir='ltr'>vita</span> <span class='ocrx_word' id='word_1_166' title='bbox 973 1129 1126 1180; x_wconf 83' lang='lat' dir='ltr'>longior</span> <span class='ocrx_word' id='word_1_167' title='bbox 1153 1129 1325 1180; x_wconf 78' lang='lat' dir='ltr'>daretur,</span> <span class='ocrx_word' id='word_1_168' title='bbox 1356 1135 1490 1179; x_wconf 86' lang='lat' dir='ltr'>posset</span> <span class='ocrx_word' id='word_1_169' title='bbox 1517 1141 1602 1167; x_wconf 86' lang='lat' dir='ltr'>csse</span> <span class='ocrx_word' id='word_1_170' title='bbox 1618 1138 1663 1168; x_wconf 86' lang='lat'>94</span> 
     </span>
     <span class='ocr_line' id='line_1_19' title="bbox 41 1186 1676 1268; baseline 0.001 -44"><span class='ocrx_word' id='word_1_171' title='bbox 41 1186 270 1238; x_wconf 83' lang='lat' dir='ltr'>iucundi013</span> <span class='ocrx_word' id='word_1_172' title='bbox 305 1186 1442 1249; x_wconf 35' lang='grc' dir='ltr'>[ΜΨ-ἕω</span> <span class='ocrx_word' id='word_1_173' title='bbox 1475 1191 1676 1268; x_wconf 47' lang='lat' dir='ltr'>quam721</span> 
     </span>
     <span class='ocr_line' id='line_1_20' title="bbox 0 1245 1602 1297; baseline 0 -14"><span class='ocrx_word' id='word_1_174' title='bbox 0 1280 2 1282; x_wconf 75' lang='grc'>,</span> <span class='ocrx_word' id='word_1_175' title='bbox 40 1250 84 1283; x_wconf 88' lang='lat' dir='ltr'>ut</span> <span class='ocrx_word' id='word_1_176' title='bbox 122 1249 252 1283; x_wconf 87' lang='lat' dir='ltr'>cetera</span> <span class='ocrx_word' id='word_1_177' title='bbox 293 1246 460 1296; x_wconf 83' lang='lat' dir='ltr'>aufe1at,</span> <span class='ocrx_word' id='word_1_178' title='bbox 500 1245 626 1283; x_wconf 78' lang='lat' dir='ltr'>adscit</span> <span class='ocrx_word' id='word_1_179' title='bbox 670 1251 776 1283; x_wconf 91' lang='lat' dir='ltr'>certe</span> <span class='ocrx_word' id='word_1_180' title='bbox 816 1251 1010 1284; x_wconf 89' lang='lat' dir='ltr'>senectus.</span> <span class='ocrx_word' id='word_1_181' title='bbox 1075 1245 1181 1290; x_wconf 84' lang='lat' dir='ltr'>Quae</span> <span class='ocrx_word' id='word_1_182' title='bbox 1215 1258 1307 1284; x_wconf 91' lang='lat' dir='ltr'>vero</span> <span class='ocrx_word' id='word_1_183' title='bbox 1346 1251 1450 1284; x_wconf 85' lang='lat' dir='ltr'>aetas</span> <span class='ocrx_word' id='word_1_184' title='bbox 1490 1246 1602 1297; x_wconf 86' lang='lat' dir='ltr'>longa</span> 
     </span>
     <span class='ocr_line' id='line_1_21' title="bbox 38 1302 1116 1354; baseline 0.001 -13"><span class='ocrx_word' id='word_1_185' title='bbox 38 1308 100 1342; x_wconf 87' lang='lat' dir='ltr'>est</span> <span class='ocrx_word' id='word_1_186' title='bbox 132 1308 198 1342; x_wconf 90' lang='lat' dir='ltr'>aut</span> <span class='ocrx_word' id='word_1_187' title='bbox 232 1303 324 1354; x_wconf 88' lang='lat' dir='ltr'>quid</span> <span class='ocrx_word' id='word_1_188' title='bbox 358 1305 515 1342; x_wconf 91' lang='lat' dir='ltr'>omnino</span> <span class='ocrx_word' id='word_1_189' title='bbox 549 1303 698 1342; x_wconf 91' lang='lat' dir='ltr'>homini</span> <span class='ocrx_word' id='word_1_190' title='bbox 730 1302 917 1354; x_wconf 75' lang='lat' dir='ltr'>longum?</span> <span class='ocrx_word' id='word_1_191' title='bbox 978 1304 1116 1342; x_wconf 90' lang='lat' dir='ltr'>Nonne</span> 
     </span>
    </p>
   </div>
   <div class='ocr_carea' id='block_1_2' title="bbox 97 1385 1536 1493">
    <p class='ocr_par' dir='ltr' id='par_1_3' title="bbox 97 1385 1536 1493">
     <span class='ocr_line' id='line_1_22' title="bbox 97 1385 1536 1435; baseline 0.001 -12"><span class='ocrx_word' id='word_1_192' title='bbox 97 1385 211 1425; x_wconf 80' lang='lat' dir='ltr'>mo&#39;do</span> <span class='ocrx_word' id='word_1_193' title='bbox 239 1397 399 1434; x_wconf 79' lang='lat' dir='ltr'>pueros,</span> <span class='ocrx_word' id='word_1_194' title='bbox 432 1387 545 1423; x_wconf 78' lang='lat' dir='ltr'>modo</span> <span class='ocrx_word' id='word_1_195' title='bbox 580 1385 856 1424; x_wconf 73' lang='lat' dir='ltr'>ciduleseentes</span> <span class='ocrx_word' id='word_1_196' title='bbox 889 1388 928 1424; x_wconf 76' lang='lat' dir='ltr'>in</span> <span class='ocrx_word' id='word_1_197' title='bbox 962 1398 1086 1423; x_wconf 74' lang='lat' dir='ltr'>cursu</span> <span class='ocrx_word' id='word_1_198' title='bbox 1120 1399 1144 1424; x_wconf 78' lang='lat' dir='ltr'>a</span> <span class='ocrx_word' id='word_1_199' title='bbox 1178 1392 1291 1435; x_wconf 70' lang='lat' dir='ltr'>tei-{so</span> <span class='ocrx_word' id='word_1_200' title='bbox 1326 1389 1536 1435; x_wconf 77' lang='lat' dir='ltr'>insequens</span> 
     </span>
     <span class='ocr_line' id='line_1_23' title="bbox 100 1443 733 1493; baseline 0 -11"><span class='ocrx_word' id='word_1_201' title='bbox 100 1443 174 1483; x_wconf 77' lang='lat' dir='ltr'>ne&#39;c</span> <span class='ocrx_word' id='word_1_202' title='bbox 206 1446 414 1493; x_wconf 70' lang='lat' dir='ltr'>opinantes</span> <span class='ocrx_word' id='word_1_203' title='bbox 448 1443 642 1483; x_wconf 64' lang='lat' dir='ltr'>adsecuta</span> <span class='ocrx_word' id='word_1_204' title='bbox 676 1450 733 1482; x_wconf 76' lang='lat' dir='ltr'>est</span> 
     </span>
    </p>
   </div>
   <div class='ocr_carea' id='block_1_3' title="bbox 36 1567 1600 1613">
    <p class='ocr_par' dir='ltr' id='par_1_4' title="bbox 36 1567 1600 1613">
     <span class='ocr_line' id='line_1_24' title="bbox 36 1567 1600 1613; baseline 0.002 -11"><span class='ocrx_word' id='word_1_205' title='bbox 36 1567 152 1602; x_wconf 86' lang='lat' dir='ltr'>druck</span> <span class='ocrx_word' id='word_1_206' title='bbox 202 1568 260 1602; x_wconf 82' lang='lat' dir='ltr'>fiir</span> <span class='ocrx_word' id='word_1_207' title='bbox 304 1567 622 1608; x_wconf 80' lang='lat' dir='ltr'>Mondfinsternis‚</span> <span class='ocrx_word' id='word_1_208' title='bbox 675 1569 784 1603; x_wconf 74' lang='lat' dir='ltr'>lunae</span> <span class='ocrx_word' id='word_1_209' title='bbox 855 1568 920 1603; x_wconf 78' lang='lat' dir='ltr'>das</span> <span class='ocrx_word' id='word_1_210' title='bbox 945 1569 1205 1613; x_wconf 80' lang='lat' dir='ltr'>Jugendalter,</span> <span class='ocrx_word' id='word_1_211' title='bbox 1239 1573 1368 1604; x_wconf 70' lang='lat' dir='ltr'>escacta</span> <span class='ocrx_word' id='word_1_212' title='bbox 1404 1574 1503 1605; x_wconf 80' lang='lat' dir='ltr'>aetas</span> <span class='ocrx_word' id='word_1_213' title='bbox 1535 1571 1600 1605; x_wconf 80' lang='lat' dir='ltr'>das</span> 
     </span>
    </p>
   </div>
   <div class='ocr_carea' id='block_1_4' title="bbox 22 1615 784 2874">
    <p class='ocr_par' dir='ltr' id='par_1_5' title="bbox 38 1615 198 1657">
     <span class='ocr_line' id='line_1_25' title="bbox 38 1615 198 1657; baseline -0.013 -7"><span class='ocrx_word' id='word_1_214' title='bbox 38 1615 198 1657; x_wconf 79' lang='lat' dir='ltr'>defectio.</span> 
     </span>
    </p>

    <p class='ocr_par' dir='ltr' id='par_1_6' title="bbox 37 1662 784 1883">
     <span class='ocr_line' id='line_1_26' title="bbox 87 1662 783 1706; baseline 0 -10"><span class='ocrx_word' id='word_1_215' title='bbox 87 1673 110 1696; x_wconf 86' lang='lat' dir='ltr'>a</span> <span class='ocrx_word' id='word_1_216' title='bbox 135 1673 207 1706; x_wconf 76' lang='lat' dir='ltr'>qua</span> <span class='ocrx_word' id='word_1_217' title='bbox 232 1662 447 1705; x_wconf 74' lang='lat' dir='ltr'>consopitus.</span> <span class='ocrx_word' id='word_1_218' title='bbox 498 1662 603 1696; x_wconf 80' lang='lat' dir='ltr'>Nach</span> <span class='ocrx_word' id='word_1_219' title='bbox 629 1662 783 1696; x_wconf 84' lang='lat' dir='ltr'>anderer</span> 
     </span>
     <span class='ocr_line' id='line_1_27' title="bbox 40 1707 784 1752; baseline 0.001 -10"><span class='ocrx_word' id='word_1_220' title='bbox 40 1707 253 1752; x_wconf 68' lang='lat' dir='ltr'>Erzahlung</span> <span class='ocrx_word' id='word_1_221' title='bbox 290 1708 353 1741; x_wconf 84' lang='lat' dir='ltr'>des</span> <span class='ocrx_word' id='word_1_222' title='bbox 394 1708 544 1752; x_wconf 76' lang='lat' dir='ltr'>Mythus</span> <span class='ocrx_word' id='word_1_223' title='bbox 582 1709 706 1743; x_wconf 80' lang='lat' dir='ltr'>wurde</span> <span class='ocrx_word' id='word_1_224' title='bbox 745 1720 784 1743; x_wconf 87' lang='lat' dir='ltr'>er</span> 
     </span>
     <span class='ocr_line' id='line_1_28' title="bbox 37 1755 783 1799; baseline 0 -9"><span class='ocrx_word' id='word_1_225' title='bbox 37 1766 110 1790; x_wconf 89' lang='lat' dir='ltr'>von</span> <span class='ocrx_word' id='word_1_226' title='bbox 136 1755 227 1789; x_wconf 82' lang='lat' dir='ltr'>Zeus</span> <span class='ocrx_word' id='word_1_227' title='bbox 254 1755 440 1789; x_wconf 76' lang='lat' dir='ltr'>entweder</span> <span class='ocrx_word' id='word_1_228' title='bbox 466 1755 532 1789; x_wconf 83' lang='lat' dir='ltr'>auf</span> <span class='ocrx_word' id='word_1_229' title='bbox 555 1756 654 1790; x_wconf 85' lang='lat' dir='ltr'>seine</span> <span class='ocrx_word' id='word_1_230' title='bbox 672 1755 783 1799; x_wconf 79' lang='lat' dir='ltr'>Bitte,</span> 
     </span>
     <span class='ocr_line' id='line_1_29' title="bbox 39 1801 783 1844; baseline -0.001 -7"><span class='ocrx_word' id='word_1_231' title='bbox 39 1802 127 1837; x_wconf 80' lang='lat' dir='ltr'>oder</span> <span class='ocrx_word' id='word_1_232' title='bbox 163 1813 226 1836; x_wconf 83' lang='lat' dir='ltr'>zur</span> <span class='ocrx_word' id='word_1_233' title='bbox 257 1801 394 1844; x_wconf 81' lang='lat' dir='ltr'>Strafe,</span> <span class='ocrx_word' id='word_1_234' title='bbox 434 1802 520 1836; x_wconf 86' lang='lat' dir='ltr'>weil</span> <span class='ocrx_word' id='word_1_235' title='bbox 558 1813 597 1836; x_wconf 89' lang='lat' dir='ltr'>er</span> <span class='ocrx_word' id='word_1_236' title='bbox 634 1802 713 1836; x_wconf 83' lang='lat' dir='ltr'>sich</span> <span class='ocrx_word' id='word_1_237' title='bbox 746 1802 783 1836; x_wconf 84' lang='lat' dir='ltr'>in</span> 
     </span>
     <span class='ocr_line' id='line_1_30' title="bbox 37 1847 781 1893; baseline 0 -10"><span class='ocrx_word' id='word_1_238' title='bbox 37 1849 138 1883; x_wconf 84' lang='lat' dir='ltr'>Hera</span> <span class='ocrx_word' id='word_1_239' title='bbox 158 1848 316 1883; x_wconf 76' lang='lat' dir='ltr'>verliebl:</span> <span class='ocrx_word' id='word_1_240' title='bbox 342 1847 458 1892; x_wconf 76' lang='lat' dir='ltr'>hatte,</span> <span class='ocrx_word' id='word_1_241' title='bbox 486 1848 781 1893; x_wconf 66' lang='lat' dir='ltr'>eingesehlat&#39;ert.</span> 
     </span>
    </p>

    <p class='ocr_par' dir='ltr' id='par_1_7' title="bbox 22 1895 783 2078">
     <span class='ocr_line' id='line_1_31' title="bbox 87 1895 781 1939; baseline 0.001 -10"><span class='ocrx_word' id='word_1_242' title='bbox 87 1900 131 1939; x_wconf 71' lang='lat' dir='ltr'>et,</span> <span class='ocrx_word' id='word_1_243' title='bbox 156 1895 232 1929; x_wconf 89' lang='lat' dir='ltr'>und</span> <span class='ocrx_word' id='word_1_244' title='bbox 257 1895 448 1930; x_wconf 75' lang='lat' dir='ltr'>trotzdem.</span> <span class='ocrx_word' id='word_1_245' title='bbox 495 1895 529 1930; x_wconf 93' lang='lat' dir='ltr'>S.</span> <span class='ocrx_word' id='word_1_246' title='bbox 550 1897 618 1939; x_wconf 87' lang='grc'>13,</span> <span class='ocrx_word' id='word_1_247' title='bbox 640 1900 659 1930; x_wconf 87' lang='grc'>6</span> <span class='ocrx_word' id='word_1_248' title='bbox 687 1899 718 1930; x_wconf 78' lang='lat' dir='ltr'>et</span> <span class='ocrx_word' id='word_1_249' title='bbox 738 1916 781 1920; x_wconf 90' lang='lat'><strong>—</strong></span> 
     </span>
     <span class='ocr_line' id='line_1_32' title="bbox 41 1942 784 1987; baseline -0.001 -10"><span class='ocrx_word' id='word_1_250' title='bbox 41 1953 116 1977; x_wconf 75' lang='lat' dir='ltr'>‘non</span> <span class='ocrx_word' id='word_1_251' title='bbox 134 1943 261 1987; x_wconf 74' lang='lat' dir='ltr'>possit.</span> <span class='ocrx_word' id='word_1_252' title='bbox 295 1942 347 1976; x_wconf 87' lang='lat' dir='ltr'>III</span> <span class='ocrx_word' id='word_1_253' title='bbox 371 1946 423 1983; x_wconf 83' lang='lat'>16,</span> <span class='ocrx_word' id='word_1_254' title='bbox 445 1946 488 1976; x_wconf 85' lang='lat'>35</span> <span class='ocrx_word' id='word_1_255' title='bbox 509 1946 541 1977; x_wconf 76' lang='lat' dir='ltr'>et</span> <span class='ocrx_word' id='word_1_256' title='bbox 560 1947 600 1977; x_wconf 78' lang='lat' dir='ltr'>tu</span> <span class='ocrx_word' id='word_1_257' title='bbox 619 1943 784 1977; x_wconf 79' lang='lat' dir='ltr'>oblivisci</span> 
     </span>
     <span class='ocr_line' id='line_1_33' title="bbox 22 1988 781 2033; baseline 0.001 -11"><span class='ocrx_word' id='word_1_258' title='bbox 22 1989 148 2024; x_wconf 53' lang='lat' dir='ltr'>iubes.</span> <span class='ocrx_word' id='word_1_259' title='bbox 198 1988 297 2023; x_wconf 85' lang='lat' dir='ltr'>Uber</span> <span class='ocrx_word' id='word_1_260' title='bbox 316 1989 386 2023; x_wconf 90' lang='lat' dir='ltr'>den</span> <span class='ocrx_word' id='word_1_261' title='bbox 406 1989 608 2023; x_wconf 77' lang='lat' dir='ltr'>Gedanken</span> <span class='ocrx_word' id='word_1_262' title='bbox 628 2001 676 2033; x_wconf 88' lang='lat' dir='ltr'>vg</span> <span class='ocrx_word' id='word_1_263' title='bbox 679 1990 702 2024; x_wconf 90' lang='lat' dir='ltr'>l.</span> <span class='ocrx_word' id='word_1_264' title='bbox 723 1990 781 2024; x_wconf 88' lang='lat' dir='ltr'>die</span> 
     </span>
     <span class='ocr_line' id='line_1_34' title="bbox 42 2035 708 2078; baseline 0 -8"><span class='ocrx_word' id='word_1_265' title='bbox 42 2035 157 2071; x_wconf 77' lang='lat' dir='ltr'>Stelle</span> <span class='ocrx_word' id='word_1_266' title='bbox 182 2036 243 2070; x_wconf 86' lang='lat' dir='ltr'>bei</span> <span class='ocrx_word' id='word_1_267' title='bbox 270 2036 458 2071; x_wconf 80' lang='lat' dir='ltr'>Plutarch.</span> <span class='ocrx_word' id='word_1_268' title='bbox 484 2036 580 2071; x_wconf 79' lang='lat' dir='ltr'>Einl.</span> <span class='ocrx_word' id='word_1_269' title='bbox 609 2040 627 2078; x_wconf 66' lang='grc' dir='ltr'>ξ</span> <span class='ocrx_word' id='word_1_270' title='bbox 653 2040 708 2071; x_wconf 81' lang='lat'>27.</span> 
     </span>
    </p>

    <p class='ocr_par' dir='ltr' id='par_1_8' title="bbox 38 2082 781 2174">
     <span class='ocr_line' id='line_1_35' title="bbox 85 2082 781 2127; baseline 0 -10"><span class='ocrx_word' id='word_1_271' title='bbox 85 2083 167 2127; x_wconf 86' lang='lat' dir='ltr'>Kap</span> <span class='ocrx_word' id='word_1_272' title='bbox 142 2094 177 2127; x_wconf 88' lang='lat' dir='ltr'>p.</span> <span class='ocrx_word' id='word_1_273' title='bbox 193 2082 257 2117; x_wconf 79' lang='lat'>39.</span> <span class='ocrx_word' id='word_1_274' title='bbox 279 2086 332 2117; x_wconf 87' lang='lat'>93.</span> <span class='ocrx_word' id='word_1_275' title='bbox 350 2084 573 2127; x_wconf 77' lang='lat' dir='ltr'>praestituta</span> <span class='ocrx_word' id='word_1_276' title='bbox 591 2084 659 2126; x_wconf 78' lang='lat' dir='ltr'>die,</span> <span class='ocrx_word' id='word_1_277' title='bbox 678 2094 781 2117; x_wconf 78' lang='lat' dir='ltr'>nam—</span> 
     </span>
     <span class='ocr_line' id='line_1_36' title="bbox 38 2128 443 2174; baseline 0 -11"><span class='ocrx_word' id='word_1_278' title='bbox 38 2128 114 2164; x_wconf 88' lang='lat' dir='ltr'>lich</span> <span class='ocrx_word' id='word_1_279' title='bbox 140 2130 204 2164; x_wconf 86' lang='lat' dir='ltr'>der</span> <span class='ocrx_word' id='word_1_280' title='bbox 229 2129 443 2174; x_wconf 80' lang='lat' dir='ltr'>Riickgabe.</span> 
     </span>
    </p>

    <p class='ocr_par' dir='ltr' id='par_1_9' title="bbox 36 2176 782 2407">
     <span class='ocr_line' id='line_1_37' title="bbox 87 2176 781 2221; baseline -0.001 -10"><span class='ocrx_word' id='word_1_281' title='bbox 87 2177 220 2221; x_wconf 73' lang='lat' dir='ltr'>inquit,</span> <span class='ocrx_word' id='word_1_282' title='bbox 246 2180 330 2220; x_wconf 81' lang='lat' dir='ltr'>sagt</span> <span class='ocrx_word' id='word_1_283' title='bbox 356 2176 467 2218; x_wconf 79' lang='lat' dir='ltr'>einer,</span> <span class='ocrx_word' id='word_1_284' title='bbox 495 2178 579 2221; x_wconf 73' lang='lat' dir='ltr'>sagi:</span> <span class='ocrx_word' id='word_1_285' title='bbox 604 2188 700 2212; x_wconf 83' lang='lat' dir='ltr'>man.</span> <span class='ocrx_word' id='word_1_286' title='bbox 747 2177 781 2212; x_wconf 93' lang='lat' dir='ltr'>S.</span> 
     </span>
     <span class='ocr_line' id='line_1_38' title="bbox 40 2224 782 2267; baseline 0 -9"><span class='ocrx_word' id='word_1_287' title='bbox 40 2234 68 2258; x_wconf 85' lang='lat' dir='ltr'>z.</span> <span class='ocrx_word' id='word_1_288' title='bbox 97 2227 151 2267; x_wconf 88' lang='lat'>14,</span> <span class='ocrx_word' id='word_1_289' title='bbox 178 2227 234 2257; x_wconf 91' lang='lat'>31.</span> <span class='ocrx_word' id='word_1_290' title='bbox 284 2224 317 2257; x_wconf 93' lang='grc' dir='ltr'>ΙΙ</span> <span class='ocrx_word' id='word_1_291' title='bbox 346 2227 400 2266; x_wconf 79' lang='lat'>12,</span> <span class='ocrx_word' id='word_1_292' title='bbox 428 2227 471 2258; x_wconf 82' lang='lat'>29</span> <span class='ocrx_word' id='word_1_293' title='bbox 503 2225 597 2258; x_wconf 73' lang='lat' dir='ltr'>nihil</span> <span class='ocrx_word' id='word_1_294' title='bbox 628 2228 694 2266; x_wconf 80' lang='lat' dir='ltr'>est,</span> <span class='ocrx_word' id='word_1_295' title='bbox 724 2224 782 2258; x_wconf 73' lang='lat' dir='ltr'>in-</span> 
     </span>
     <span class='ocr_line' id='line_1_39' title="bbox 41 2269 782 2315; baseline 0.003 -11"><span class='ocrx_word' id='word_1_296' title='bbox 41 2271 131 2315; x_wconf 75' lang='lat' dir='ltr'>quit,</span> <span class='ocrx_word' id='word_1_297' title='bbox 156 2271 301 2305; x_wconf 78' lang='lat' dir='ltr'>malum.</span> <span class='ocrx_word' id='word_1_298' title='bbox 345 2269 379 2303; x_wconf 93' lang='lat' dir='ltr'><strong>V</strong></span> <span class='ocrx_word' id='word_1_299' title='bbox 405 2274 460 2313; x_wconf 97' lang='lat'>41,</span> <span class='ocrx_word' id='word_1_300' title='bbox 491 2275 554 2305; x_wconf 86' lang='lat'>118</span> <span class='ocrx_word' id='word_1_301' title='bbox 581 2275 646 2305; x_wconf 80' lang='lat' dir='ltr'>aut</span> <span class='ocrx_word' id='word_1_302' title='bbox 671 2272 782 2312; x_wconf 71' lang='lat' dir='ltr'>bibat,</span> 
     </span>
     <span class='ocr_line' id='line_1_40' title="bbox 36 2316 777 2361; baseline 0.001 -11"><span class='ocrx_word' id='word_1_303' title='bbox 36 2317 168 2361; x_wconf 75' lang='lat' dir='ltr'>inquit,</span> <span class='ocrx_word' id='word_1_304' title='bbox 196 2320 260 2350; x_wconf 79' lang='lat' dir='ltr'>aut</span> <span class='ocrx_word' id='word_1_305' title='bbox 285 2317 399 2351; x_wconf 75' lang='lat' dir='ltr'>abeat.</span> <span class='ocrx_word' id='word_1_306' title='bbox 438 2316 568 2351; x_wconf 84' lang='lat' dir='ltr'>Parad.</span> <span class='ocrx_word' id='word_1_307' title='bbox 597 2318 647 2351; x_wconf 92' lang='lat' dir='ltr'>III</span> <span class='ocrx_word' id='word_1_308' title='bbox 675 2322 706 2360; x_wconf 80' lang='lat'>2,</span> <span class='ocrx_word' id='word_1_309' title='bbox 734 2321 777 2351; x_wconf 79' lang='lat'>23</span> 
     </span>
     <span class='ocr_line' id='line_1_41' title="bbox 37 2364 718 2407; baseline 0.001 -9"><span class='ocrx_word' id='word_1_310' title='bbox 37 2374 62 2398; x_wconf 87' lang='lat' dir='ltr'>a</span> <span class='ocrx_word' id='word_1_311' title='bbox 83 2364 316 2407; x_wconf 68' lang='lat' dir='ltr'>philosophis,</span> <span class='ocrx_word' id='word_1_312' title='bbox 341 2365 473 2407; x_wconf 60' lang='lat' dir='ltr'>inquit,</span> <span class='ocrx_word' id='word_1_313' title='bbox 500 2365 571 2398; x_wconf 80' lang='lat' dir='ltr'>ista</span> <span class='ocrx_word' id='word_1_314' title='bbox 596 2366 718 2400; x_wconf 79' lang='lat' dir='ltr'>sumis.</span> 
     </span>
    </p>

    <p class='ocr_par' dir='ltr' id='par_1_10' title="bbox 37 2410 781 2632">
     <span class='ocr_line' id='line_1_42' title="bbox 84 2410 780 2455; baseline 0 -11"><span class='ocrx_word' id='word_1_315' title='bbox 84 2421 316 2455; x_wconf 75' lang='lat' dir='ltr'>quamquam.</span> <span class='ocrx_word' id='word_1_316' title='bbox 314 2410 475 2445; x_wconf 85' lang='lat' dir='ltr'>·freilich</span> <span class='ocrx_word' id='word_1_317' title='bbox 486 2410 650 2445; x_wconf 87' lang='lat' dir='ltr'>insofern</span> <span class='ocrx_word' id='word_1_318' title='bbox 658 2412 780 2446; x_wconf 85' lang='lat' dir='ltr'>haben</span> 
     </span>
     <span class='ocr_line' id='line_1_43' title="bbox 39 2456 781 2502; baseline -0.001 -10"><span class='ocrx_word' id='word_1_319' title='bbox 39 2456 90 2492; x_wconf 85' lang='grc'>515</span> <span class='ocrx_word' id='word_1_320' title='bbox 127 2456 250 2500; x_wconf 84' lang='lat' dir='ltr'>recht,</span> <span class='ocrx_word' id='word_1_321' title='bbox 295 2457 349 2491; x_wconf 80' lang='lat' dir='ltr'>als</span> <span class='ocrx_word' id='word_1_322' title='bbox 395 2457 454 2492; x_wconf 88' lang='lat' dir='ltr'>ein</span> <span class='ocrx_word' id='word_1_323' title='bbox 491 2458 619 2502; x_wconf 81' lang='lat' dir='ltr'>langes</span> <span class='ocrx_word' id='word_1_324' title='bbox 656 2458 781 2493; x_wconf 87' lang='lat' dir='ltr'>Leben</span> 
     </span>
     <span class='ocr_line' id='line_1_44' title="bbox 38 2503 781 2550; baseline -0.001 -12"><span class='ocrx_word' id='word_1_325' title='bbox 38 2503 132 2538; x_wconf 86' lang='lat' dir='ltr'>noch</span> <span class='ocrx_word' id='word_1_326' title='bbox 159 2503 245 2538; x_wconf 89' lang='lat' dir='ltr'>kein</span> <span class='ocrx_word' id='word_1_327' title='bbox 266 2503 387 2538; x_wconf 77' lang='lat' dir='ltr'>Glfick</span> <span class='ocrx_word' id='word_1_328' title='bbox 409 2504 475 2547; x_wconf 72' lang='lat' dir='ltr'>ist3</span> <span class='ocrx_word' id='word_1_329' title='bbox 502 2505 574 2550; x_wconf 75' lang='lat' dir='ltr'>das</span> <span class='ocrx_word' id='word_1_330' title='bbox 587 2505 781 2539; x_wconf 85' lang='lat' dir='ltr'>bedenken</span> 
     </span>
     <span class='ocr_line' id='line_1_45' title="bbox 37 2542 780 2595; baseline 0 -10"><span class='ocrx_word' id='word_1_331' title='bbox 37 2550 127 2585; x_wconf 83' lang='lat' dir='ltr'>aber</span> <span class='ocrx_word' id='word_1_332' title='bbox 147 2550 234 2595; x_wconf 85' lang='lat' dir='ltr'>jene</span> <span class='ocrx_word' id='word_1_333' title='bbox 253 2550 368 2585; x_wconf 81' lang='lat' dir='ltr'>Lente</span> <span class='ocrx_word' id='word_1_334' title='bbox 393 2550 508 2585; x_wconf 80' lang='lat' dir='ltr'>nieht.</span> <span class='ocrx_word' id='word_1_335' title='bbox 550 2542 649 2586; x_wconf 82' lang='lat' dir='ltr'>Uber</span> <span class='ocrx_word' id='word_1_336' title='bbox 663 2551 780 2587; x_wconf 81' lang='lat' dir='ltr'>Kalli-</span> 
     </span>
     <span class='ocr_line' id='line_1_46' title="bbox 38 2596 462 2641; baseline 0.005 -11"><span class='ocrx_word' id='word_1_337' title='bbox 38 2596 190 2631; x_wconf 78' lang='lat' dir='ltr'>machus</span> <span class='ocrx_word' id='word_1_338' title='bbox 215 2609 242 2631; x_wconf 88' lang='grc'>5.</span> <span class='ocrx_word' id='word_1_339' title='bbox 269 2610 296 2632; x_wconf 91' lang='lat' dir='ltr'>z.</span> <span class='ocrx_word' id='word_1_340' title='bbox 325 2601 380 2641; x_wconf 88' lang='lat'>34,</span> <span class='ocrx_word' id='word_1_341' title='bbox 407 2602 462 2633; x_wconf 82' lang='lat'>84.</span> 
     </span>
    </p>

    <p class='ocr_par' dir='ltr' id='par_1_11' title="bbox 39 2643 780 2780">
     <span class='ocr_line' id='line_1_47' title="bbox 88 2643 780 2690; baseline 0.004 -12"><span class='ocrx_word' id='word_1_342' title='bbox 88 2643 252 2686; x_wconf 79' lang='lat' dir='ltr'>Troilus,</span> <span class='ocrx_word' id='word_1_343' title='bbox 278 2644 379 2678; x_wconf 87' lang='lat' dir='ltr'>Sohn</span> <span class='ocrx_word' id='word_1_344' title='bbox 404 2644 469 2679; x_wconf 82' lang='lat' dir='ltr'>des</span> <span class='ocrx_word' id='word_1_345' title='bbox 494 2644 677 2689; x_wconf 83' lang='lat' dir='ltr'>Priamus,</span> <span class='ocrx_word' id='word_1_346' title='bbox 705 2646 780 2690; x_wconf 83' lang='grc'>(151,</span> 
     </span>
     <span class='ocr_line' id='line_1_48' title="bbox 39 2670 780 2736; baseline 0.007 -13"><span class='ocrx_word' id='word_1_347' title='bbox 39 2689 135 2724; x_wconf 86' lang='lat' dir='ltr'>noch</span> <span class='ocrx_word' id='word_1_348' title='bbox 160 2670 252 2725; x_wconf 80' lang='lat' dir='ltr'>halb’</span> <span class='ocrx_word' id='word_1_349' title='bbox 276 2691 335 2726; x_wconf 85' lang='lat' dir='ltr'>ein</span> <span class='ocrx_word' id='word_1_350' title='bbox 354 2691 496 2736; x_wconf 85' lang='lat' dir='ltr'>Knabe,</span> <span class='ocrx_word' id='word_1_351' title='bbox 522 2703 595 2727; x_wconf 88' lang='lat' dir='ltr'>von</span> <span class='ocrx_word' id='word_1_352' title='bbox 614 2674 780 2728; x_wconf 77' lang='lat' dir='ltr'>Ac&#39;hilles</span> 
     </span>
     <span class='ocr_line' id='line_1_49' title="bbox 40 2720 754 2783; baseline 0.004 -13"><span class='ocrx_word' id='word_1_353' title='bbox 40 2736 183 2780; x_wconf 67' lang='lat' dir='ltr'>getiitet,</span> <span class='ocrx_word' id='word_1_354' title='bbox 207 2738 342 2773; x_wconf 88' lang='lat' dir='ltr'>wurde.</span> <span class='ocrx_word' id='word_1_355' title='bbox 379 2720 496 2783; x_wconf 82' lang='lat' dir='ltr'>Verg.⁷</span> <span class='ocrx_word' id='word_1_356' title='bbox 516 2739 606 2773; x_wconf 91' lang='lat' dir='ltr'>Aen.</span> <span class='ocrx_word' id='word_1_357' title='bbox 633 2740 754 2774; x_wconf 82' lang='lat'>1474.</span> 
     </span>
    </p>

    <p class='ocr_par' dir='ltr' id='par_1_12' title="bbox 40 2785 780 2874">
     <span class='ocr_line' id='line_1_50' title="bbox 86 2785 780 2820; baseline 0.004 -3"><span class='ocrx_word' id='word_1_358' title='bbox 86 2786 211 2818; x_wconf 77' lang='lat' dir='ltr'>exacta</span> <span class='ocrx_word' id='word_1_359' title='bbox 236 2787 367 2819; x_wconf 79' lang='lat' dir='ltr'>aetate.-</span> <span class='ocrx_word' id='word_1_360' title='bbox 393 2788 493 2820; x_wconf 77' lang='lat' dir='ltr'>aetas</span> <span class='ocrx_word' id='word_1_361' title='bbox 520 2785 569 2820; x_wconf 76' lang='lat' dir='ltr'>ist</span> <span class='ocrx_word' id='word_1_362' title='bbox 593 2785 658 2820; x_wconf 85' lang='lat' dir='ltr'>das</span> <span class='ocrx_word' id='word_1_363' title='bbox 681 2786 780 2820; x_wconf 82' lang='lat' dir='ltr'>kr‘af-</span> 
     </span>
     <span class='ocr_line' id='line_1_51' title="bbox 40 2827 780 2874; baseline 0.007 -11"><span class='ocrx_word' id='word_1_364' title='bbox 40 2827 117 2873; x_wconf 76' lang='lat' dir='ltr'>tige</span> <span class='ocrx_word' id='word_1_365' title='bbox 142 2830 256 2873; x_wconf 75' lang='lat' dir='ltr'>Alter,</span> <span class='ocrx_word' id='word_1_366' title='bbox 283 2831 415 2874; x_wconf 77' lang='lat' dir='ltr'>sodass,</span> <span class='ocrx_word' id='word_1_367' title='bbox 442 2831 512 2866; x_wconf 84' lang='lat' dir='ltr'>wie</span> <span class='ocrx_word' id='word_1_368' title='bbox 537 2833 656 2867; x_wconf 76' lang='lat' dir='ltr'>iniens</span> <span class='ocrx_word' id='word_1_369' title='bbox 682 2836 780 2868; x_wconf 79' lang='lat' dir='ltr'>aetas</span> 
     </span>
    </p>
   </div>
   <div class='ocr_carea' id='block_1_5' title="bbox 847 1616 1602 2877">
    <p class='ocr_par' dir='ltr' id='par_1_13' title="bbox 850 1616 1602 2073">
     <span class='ocr_line' id='line_1_52' title="bbox 856 1616 1600 1659; baseline 0.004 -10"><span class='ocrx_word' id='word_1_370' title='bbox 856 1616 1107 1651; x_wconf 78' lang='lat' dir='ltr'>Greisenalter</span> <span class='ocrx_word' id='word_1_371' title='bbox 1168 1616 1404 1659; x_wconf 77' lang='lat' dir='ltr'>bezeichnet,</span> <span class='ocrx_word' id='word_1_372' title='bbox 1465 1618 1600 1652; x_wconf 83' lang='lat' dir='ltr'>ebenso</span> 
     </span>
     <span class='ocr_line' id='line_1_53' title="bbox 850 1664 1601 1708; baseline 0.003 -12"><span class='ocrx_word' id='word_1_373' title='bbox 850 1666 1039 1706; x_wconf 75' lang='lat' dir='ltr'>provecta,</span> <span class='ocrx_word' id='word_1_374' title='bbox 1077 1664 1246 1706; x_wconf 75' lang='lat' dir='ltr'>decursa,</span> <span class='ocrx_word' id='word_1_375' title='bbox 1285 1667 1386 1706; x_wconf 80' lang='lat' dir='ltr'>acta,</span> <span class='ocrx_word' id='word_1_376' title='bbox 1413 1665 1601 1708; x_wconf 76' lang='lat' dir='ltr'>praecipi-</span> 
     </span>
     <span class='ocr_line' id='line_1_54' title="bbox 855 1711 1599 1754; baseline 0.004 -11"><span class='ocrx_word' id='word_1_377' title='bbox 855 1713 955 1750; x_wconf 77' lang='lat' dir='ltr'>tata,</span> <span class='ocrx_word' id='word_1_378' title='bbox 993 1711 1173 1754; x_wconf 77' lang='lat' dir='ltr'>decrepita</span> <span class='ocrx_word' id='word_1_379' title='bbox 1206 1714 1313 1745; x_wconf 74' lang='lat' dir='ltr'>aetas.</span> <span class='ocrx_word' id='word_1_380' title='bbox 1366 1711 1412 1745; x_wconf 90' lang='lat' dir='ltr'>So</span> <span class='ocrx_word' id='word_1_381' title='bbox 1447 1711 1492 1745; x_wconf 90' lang='grc'>(15</span> <span class='ocrx_word' id='word_1_382' title='bbox 1524 1722 1599 1747; x_wconf 86' lang='lat' dir='ltr'>sen.</span> 
     </span>
     <span class='ocr_line' id='line_1_55' title="bbox 859 1758 1602 1799; baseline 0.003 -9"><span class='ocrx_word' id='word_1_383' title='bbox 859 1761 912 1799; x_wconf 77' lang='lat'>17,</span> <span class='ocrx_word' id='word_1_384' title='bbox 934 1760 978 1790; x_wconf 88' lang='grc'>60</span> <span class='ocrx_word' id='word_1_385' title='bbox 1004 1768 1085 1791; x_wconf 74' lang='lat' dir='ltr'>eum</span> <span class='ocrx_word' id='word_1_386' title='bbox 1110 1761 1195 1791; x_wconf 75' lang='lat' dir='ltr'>esset</span> <span class='ocrx_word' id='word_1_387' title='bbox 1221 1761 1303 1792; x_wconf 75' lang='lat' dir='ltr'>aeta</span> <span class='ocrx_word' id='word_1_388' title='bbox 1327 1758 1402 1792; x_wconf 81' lang='lat' dir='ltr'>iam</span> <span class='ocrx_word' id='word_1_389' title='bbox 1428 1762 1542 1793; x_wconf 77' lang='lat' dir='ltr'>aetate</span> <span class='ocrx_word' id='word_1_390' title='bbox 1562 1759 1602 1792; x_wconf 75' lang='lat' dir='ltr'>in</span> 
     </span>
     <span class='ocr_line' id='line_1_56' title="bbox 857 1803 1602 1848; baseline 0.003 -11"><span class='ocrx_word' id='word_1_391' title='bbox 857 1804 966 1848; x_wconf 70' lang='lat' dir='ltr'>(tyris.</span> <span class='ocrx_word' id='word_1_392' title='bbox 1020 1803 1108 1838; x_wconf 76' lang='lat' dir='ltr'>Sall.</span> <span class='ocrx_word' id='word_1_393' title='bbox 1140 1804 1224 1847; x_wconf 85' lang='lat' dir='ltr'>Jug.</span> <span class='ocrx_word' id='word_1_394' title='bbox 1259 1809 1296 1847; x_wconf 87' lang='lat'>6,</span> <span class='ocrx_word' id='word_1_395' title='bbox 1323 1808 1342 1838; x_wconf 82' lang='lat'><strong>2</strong></span> <span class='ocrx_word' id='word_1_396' title='bbox 1381 1808 1508 1839; x_wconf 76' lang='lat' dir='ltr'>eoeacta</span> <span class='ocrx_word' id='word_1_397' title='bbox 1532 1816 1602 1840; x_wconf 81' lang='lat' dir='ltr'>sua</span> 
     </span>
     <span class='ocr_line' id='line_1_57' title="bbox 856 1850 1601 1896; baseline 0.004 -12"><span class='ocrx_word' id='word_1_398' title='bbox 856 1854 981 1884; x_wconf 75' lang='lat' dir='ltr'>aetate.</span> <span class='ocrx_word' id='word_1_399' title='bbox 1012 1850 1097 1885; x_wconf 81' lang='lat' dir='ltr'>Tac.</span> <span class='ocrx_word' id='word_1_400' title='bbox 1113 1850 1199 1895; x_wconf 83' lang='lat' dir='ltr'>Agr.</span> <span class='ocrx_word' id='word_1_401' title='bbox 1217 1855 1236 1885; x_wconf 89' lang='lat'>3</span> <span class='ocrx_word' id='word_1_402' title='bbox 1257 1853 1428 1896; x_wconf 71' lang='lat' dir='ltr'>eoeemptis</span> <span class='ocrx_word' id='word_1_403' title='bbox 1447 1863 1464 1886; x_wconf 87' lang='lat' dir='ltr'>e</span> <span class='ocrx_word' id='word_1_404' title='bbox 1483 1853 1601 1887; x_wconf 77' lang='lat' dir='ltr'>media</span> 
     </span>
     <span class='ocr_line' id='line_1_58' title="bbox 855 1898 1601 1942; baseline 0.005 -12"><span class='ocrx_word' id='word_1_405' title='bbox 855 1898 931 1931; x_wconf 78' lang='lat' dir='ltr'>vita</span> <span class='ocrx_word' id='word_1_406' title='bbox 962 1900 1012 1932; x_wconf 78' lang='lat' dir='ltr'>tot</span> <span class='ocrx_word' id='word_1_407' title='bbox 1044 1898 1170 1939; x_wconf 71' lang='lat' dir='ltr'>anm&#39;s,</span> <span class='ocrx_word' id='word_1_408' title='bbox 1207 1898 1338 1942; x_wconf 72' lang='lat' dir='ltr'>quibus</span> <span class='ocrx_word' id='word_1_409' title='bbox 1375 1899 1520 1933; x_wconf 75' lang='lat' dir='ltr'>iuvenes</span> <span class='ocrx_word' id='word_1_410' title='bbox 1552 1900 1601 1934; x_wconf 79' lang='lat' dir='ltr'>ad</span> 
     </span>
     <span class='ocr_line' id='line_1_59' title="bbox 853 1946 1601 1990; baseline 0.004 -13"><span class='ocrx_word' id='word_1_411' title='bbox 853 1947 1082 1986; x_wconf 76' lang='lat' dir='ltr'>senectutem,</span> <span class='ocrx_word' id='word_1_412' title='bbox 1125 1955 1223 1979; x_wconf 71' lang='lat' dir='ltr'>senes</span> <span class='ocrx_word' id='word_1_413' title='bbox 1260 1956 1375 1989; x_wconf 75' lang='lat' dir='ltr'>prope</span> <span class='ocrx_word' id='word_1_414' title='bbox 1418 1946 1467 1980; x_wconf 74' lang='lat' dir='ltr'>acl</span> <span class='ocrx_word' id='word_1_415' title='bbox 1503 1947 1601 1990; x_wconf 76' lang='lat' dir='ltr'>ipsos</span> 
     </span>
     <span class='ocr_line' id='line_1_60' title="bbox 855 1992 1599 2036; baseline 0.004 -12"><span class='ocrx_word' id='word_1_416' title='bbox 855 1995 1001 2025; x_wconf 62' lang='lat' dir='ltr'>acaciae</span> <span class='ocrx_word' id='word_1_417' title='bbox 1032 1992 1161 2026; x_wconf 78' lang='lat' dir='ltr'>aetatis</span> <span class='ocrx_word' id='word_1_418' title='bbox 1193 1993 1364 2026; x_wconf 73' lang='lat' dir='ltr'>terminos</span> <span class='ocrx_word' id='word_1_419' title='bbox 1395 2003 1464 2036; x_wconf 77' lang='lat' dir='ltr'>per</span> <span class='ocrx_word' id='word_1_420' title='bbox 1495 1994 1599 2028; x_wconf 71' lang='lat' dir='ltr'>silen-</span> 
     </span>
     <span class='ocr_line' id='line_1_61' title="bbox 854 2039 1142 2073; baseline 0.003 -2"><span class='ocrx_word' id='word_1_421' title='bbox 854 2039 945 2072; x_wconf 79' lang='lat' dir='ltr'>tium</span> <span class='ocrx_word' id='word_1_422' title='bbox 970 2039 1142 2073; x_wconf 79' lang='lat' dir='ltr'>venimus.</span> 
     </span>
    </p>

    <p class='ocr_par' dir='ltr' id='par_1_14' title="bbox 853 2086 1599 2410">
     <span class='ocr_line' id='line_1_62' title="bbox 902 2086 1599 2128; baseline 0.001 -9"><span class='ocrx_word' id='word_1_423' title='bbox 902 2088 957 2119; x_wconf 82' lang='lat'>94.</span> <span class='ocrx_word' id='word_1_424' title='bbox 978 2096 1081 2127; x_wconf 72' lang='lat' dir='ltr'>nam,</span> <span class='ocrx_word' id='word_1_425' title='bbox 1095 2096 1190 2127; x_wconf 77' lang='lat' dir='ltr'>reor,</span> <span class='ocrx_word' id='word_1_426' title='bbox 1209 2086 1340 2128; x_wconf 66' lang='lat' dir='ltr'>indiis,</span> <span class='ocrx_word' id='word_1_427' title='bbox 1360 2086 1524 2120; x_wconf 72' lang='lat' dir='ltr'>niimlich</span> <span class='ocrx_word' id='word_1_428' title='bbox 1545 2086 1599 2121; x_wconf 83' lang='lat' dir='ltr'>als</span> 
     </span>
     <span class='ocr_line' id='line_1_63' title="bbox 857 2131 1599 2177; baseline 0.004 -12"><span class='ocrx_word' id='word_1_429' title='bbox 857 2131 986 2175; x_wconf 83' lang='lat' dir='ltr'>denen,</span> <span class='ocrx_word' id='word_1_430' title='bbox 1013 2132 1152 2166; x_wconf 85' lang='lat' dir='ltr'>welche</span> <span class='ocrx_word' id='word_1_431' title='bbox 1178 2132 1230 2166; x_wconf 84' lang='lat' dir='ltr'>im</span> <span class='ocrx_word' id='word_1_432' title='bbox 1250 2132 1393 2177; x_wconf 86' lang='lat' dir='ltr'>Beginn</span> <span class='ocrx_word' id='word_1_433' title='bbox 1415 2133 1477 2167; x_wconf 86' lang='grc'>(155</span> <span class='ocrx_word' id='word_1_434' title='bbox 1499 2134 1599 2168; x_wconf 82' lang='lat' dir='ltr'>Grei-</span> 
     </span>
     <span class='ocr_line' id='line_1_64' title="bbox 857 2179 1598 2214; baseline 0.003 -2"><span class='ocrx_word' id='word_1_435' title='bbox 857 2179 1035 2212; x_wconf 81' lang='lat' dir='ltr'>senalters</span> <span class='ocrx_word' id='word_1_436' title='bbox 1073 2179 1229 2213; x_wconf 74' lang='lat' dir='ltr'>sterben.</span> <span class='ocrx_word' id='word_1_437' title='bbox 1287 2179 1360 2213; x_wconf 67' lang='lat' dir='ltr'>Far</span> <span class='ocrx_word' id='word_1_438' title='bbox 1399 2180 1450 2214; x_wconf 85' lang='lat' dir='ltr'>sie</span> <span class='ocrx_word' id='word_1_439' title='bbox 1489 2180 1598 2214; x_wconf 82' lang='lat' dir='ltr'>sollte</span> 
     </span>
     <span class='ocr_line' id='line_1_65' title="bbox 855 2226 1599 2269; baseline 0.003 -11"><span class='ocrx_word' id='word_1_440' title='bbox 855 2236 942 2259; x_wconf 83' lang='lat' dir='ltr'>man</span> <span class='ocrx_word' id='word_1_441' title='bbox 974 2226 1108 2269; x_wconf 81' lang='lat' dir='ltr'>gerade</span> <span class='ocrx_word' id='word_1_442' title='bbox 1142 2226 1212 2259; x_wconf 89' lang='lat' dir='ltr'>den</span> <span class='ocrx_word' id='word_1_443' title='bbox 1239 2226 1319 2260; x_wconf 87' lang='lat' dir='ltr'>Tod</span> <span class='ocrx_word' id='word_1_444' title='bbox 1352 2226 1406 2260; x_wconf 84' lang='lat' dir='ltr'>als</span> <span class='ocrx_word' id='word_1_445' title='bbox 1441 2227 1501 2261; x_wconf 86' lang='lat' dir='ltr'>ein</span> <span class='ocrx_word' id='word_1_446' title='bbox 1527 2227 1599 2262; x_wconf 86' lang='lat' dir='ltr'>Un-</span> 
     </span>
     <span class='ocr_line' id='line_1_66' title="bbox 855 2272 1599 2318; baseline 0.004 -13"><span class='ocrx_word' id='word_1_447' title='bbox 855 2272 968 2316; x_wconf 75' lang='lat' dir='ltr'>gli’iek</span> <span class='ocrx_word' id='word_1_448' title='bbox 1008 2272 1187 2316; x_wconf 83' lang='lat' dir='ltr'>ansehen,</span> <span class='ocrx_word' id='word_1_449' title='bbox 1232 2272 1317 2306; x_wconf 86' lang='lat' dir='ltr'>weil</span> <span class='ocrx_word' id='word_1_450' title='bbox 1358 2272 1472 2307; x_wconf 85' lang='lat' dir='ltr'>ihnen</span> <span class='ocrx_word' id='word_1_451' title='bbox 1505 2273 1599 2318; x_wconf 81' lang='lat' dir='ltr'>jetzt</span> 
     </span>
     <span class='ocr_line' id='line_1_67' title="bbox 855 2319 1598 2364; baseline 0.004 -12"><span class='ocrx_word' id='word_1_452' title='bbox 855 2319 920 2352; x_wconf 86' lang='lat' dir='ltr'>das</span> <span class='ocrx_word' id='word_1_453' title='bbox 958 2319 1064 2353; x_wconf 80' lang='lat' dir='ltr'>Alter</span> <span class='ocrx_word' id='word_1_454' title='bbox 1107 2319 1171 2353; x_wconf 83' lang='lat' dir='ltr'>das</span> <span class='ocrx_word' id='word_1_455' title='bbox 1209 2320 1363 2354; x_wconf 71' lang='lat' dir='ltr'>hochste</span> <span class='ocrx_word' id='word_1_456' title='bbox 1404 2319 1495 2364; x_wconf 75' lang='lat' dir='ltr'>Gut,</span> <span class='ocrx_word' id='word_1_457' title='bbox 1540 2320 1598 2355; x_wconf 86' lang='lat' dir='ltr'>die</span> 
     </span>
     <span class='ocr_line' id='line_1_68' title="bbox 853 2365 1383 2410; baseline 0.002 -11"><span class='ocrx_word' id='word_1_458' title='bbox 853 2365 1045 2409; x_wconf 58' lang='lat' dir='ltr'>lVeisheit,</span> <span class='ocrx_word' id='word_1_459' title='bbox 1072 2366 1229 2410; x_wconf 88' lang='lat' dir='ltr'>bringen</span> <span class='ocrx_word' id='word_1_460' title='bbox 1250 2367 1383 2401; x_wconf 78' lang='lat' dir='ltr'>wu&#39;rde.</span> 
     </span>
    </p>

    <p class='ocr_par' dir='ltr' id='par_1_15' title="bbox 853 2413 1600 2597">
     <span class='ocr_line' id='line_1_69' title="bbox 899 2413 1600 2469; baseline 0.003 -23"><span class='ocrx_word' id='word_1_461' title='bbox 899 2424 1008 2456; x_wconf 75' lang='lat' dir='ltr'>quam</span> <span class='ocrx_word' id='word_1_462' title='bbox 1041 2416 1082 2446; x_wconf 75' lang='lat' dir='ltr'>ut</span> <span class='ocrx_word' id='word_1_463' title='bbox 1117 2417 1248 2447; x_wconf 78' lang='lat' dir='ltr'>cetera.—</span> <span class='ocrx_word' id='word_1_464' title='bbox 1291 2413 1365 2469; x_wconf 87' lang='lat' dir='ltr'>vgl.</span> <span class='ocrx_word' id='word_1_465' title='bbox 1399 2413 1600 2448; x_wconf 83' lang='lat' dir='ltr'>Menander</span> 
     </span>
     <span class='ocr_line' id='line_1_70' title="bbox 854 2457 1597 2503; baseline 0.003 -11"><span class='ocrx_word' id='word_1_466' title='bbox 854 2458 903 2493; x_wconf 88' lang='lat' dir='ltr'>IV</span> <span class='ocrx_word' id='word_1_467' title='bbox 931 2463 1011 2494; x_wconf 82' lang='grc'>264.</span> <span class='ocrx_word' id='word_1_468' title='bbox 1053 2458 1224 2495; x_wconf 86' lang='lat' dir='ltr'>Meineke</span> <span class='ocrx_word' id='word_1_469' title='bbox 1251 2459 1287 2494; x_wconf 81' lang='grc' dir='ltr'>εἰ</span> <span class='ocrx_word' id='word_1_470' title='bbox 1310 2474 1329 2494; x_wconf 88' lang='grc' dir='ltr'><strong><em>τ</em></strong></span> <span class='ocrx_word' id='word_1_471' title='bbox 1373 2457 1453 2493; x_wconf 75' lang='grc' dir='ltr'>ἄλλ’</span> <span class='ocrx_word' id='word_1_472' title='bbox 1481 2457 1597 2503; x_wconf 79' lang='grc' dir='ltr'><em>ἀφαι-</em></span> 
     </span>
     <span class='ocr_line' id='line_1_71' title="bbox 853 2503 1597 2551; baseline 0.003 -12"><span class='ocrx_word' id='word_1_473' title='bbox 853 2509 933 2548; x_wconf 75' lang='grc' dir='ltr'><strong><em>ρεῑν</em></strong></span> <span class='ocrx_word' id='word_1_474' title='bbox 960 2503 979 2541; x_wconf 85' lang='grc' dir='ltr'>ὁ</span> <span class='ocrx_word' id='word_1_475' title='bbox 1006 2504 1120 2546; x_wconf 80' lang='grc' dir='ltr'><em>πολὺς</em></span> <span class='ocrx_word' id='word_1_476' title='bbox 1147 2507 1286 2541; x_wconf 80' lang='grc' dir='ltr'><em>εἴωθεν</em></span> <span class='ocrx_word' id='word_1_477' title='bbox 1310 2504 1440 2550; x_wconf 82' lang='grc' dir='ltr'><strong><em>χρόνος</em></strong></span> <span class='ocrx_word' id='word_1_478' title='bbox 1461 2503 1597 2551; x_wconf 83' lang='grc' dir='ltr'>Ημῶν,</span> 
     </span>
     <span class='ocr_line' id='line_1_72' title="bbox 853 2550 1595 2597; baseline 0.003 -11"><span class='ocrx_word' id='word_1_479' title='bbox 853 2550 894 2587; x_wconf 90' lang='grc' dir='ltr'>τό</span> <span class='ocrx_word' id='word_1_480' title='bbox 922 2565 962 2597; x_wconf 79' lang='grc' dir='ltr'>γε</span> <span class='ocrx_word' id='word_1_481' title='bbox 990 2558 1146 2597; x_wconf 80' lang='grc' dir='ltr'><strong><em>φρονεῖν</em></strong></span> <span class='ocrx_word' id='word_1_482' title='bbox 1178 2550 1458 2597; x_wconf 72' lang='grc' dir='ltr'><strong><em>ἀσφαλέστερον</em></strong></span> <span class='ocrx_word' id='word_1_483' title='bbox 1484 2559 1595 2588; x_wconf 77' lang='grc' dir='ltr'>ποιεῖ.</span> 
     </span>
    </p>

    <p class='ocr_par' dir='ltr' id='par_1_16' title="bbox 847 2600 1598 2877">
     <span class='ocr_line' id='line_1_73' title="bbox 901 2600 1597 2644; baseline 0 -11"><span class='ocrx_word' id='word_1_484' title='bbox 901 2601 1004 2635; x_wconf 80' lang='lat' dir='ltr'>modo</span> <span class='ocrx_word' id='word_1_485' title='bbox 1043 2611 1194 2644; x_wconf 65' lang='grc' dir='ltr'>Ραθνοε,</span> <span class='ocrx_word' id='word_1_486' title='bbox 1239 2600 1298 2634; x_wconf 86' lang='lat' dir='ltr'>die</span> <span class='ocrx_word' id='word_1_487' title='bbox 1339 2612 1405 2635; x_wconf 85' lang='lat' dir='ltr'>vor</span> <span class='ocrx_word' id='word_1_488' title='bbox 1448 2601 1597 2634; x_wconf 84' lang='lat' dir='ltr'>knrzem</span> 
     </span>
     <span class='ocr_line' id='line_1_74' title="bbox 854 2646 1598 2681; baseline -0.001 0"><span class='ocrx_word' id='word_1_489' title='bbox 854 2648 950 2681; x_wconf 92' lang='lat' dir='ltr'>noch</span> <span class='ocrx_word' id='word_1_490' title='bbox 975 2647 1131 2681; x_wconf 84' lang='lat' dir='ltr'>Knaben</span> <span class='ocrx_word' id='word_1_491' title='bbox 1157 2658 1290 2681; x_wconf 85' lang='lat' dir='ltr'>waren.</span> <span class='ocrx_word' id='word_1_492' title='bbox 1338 2646 1411 2681; x_wconf 83' lang='lat' dir='ltr'>Der</span> <span class='ocrx_word' id='word_1_493' title='bbox 1431 2647 1523 2681; x_wconf 87' lang='lat' dir='ltr'>Vers</span> <span class='ocrx_word' id='word_1_494' title='bbox 1548 2647 1598 2681; x_wconf 75' lang='lat' dir='ltr'>ist,</span> 
     </span>
     <span class='ocr_line' id='line_1_75' title="bbox 854 2693 1597 2737; baseline -0.001 -10"><span class='ocrx_word' id='word_1_495' title='bbox 854 2694 915 2727; x_wconf 89' lang='lat' dir='ltr'>ein</span> <span class='ocrx_word' id='word_1_496' title='bbox 939 2693 1192 2728; x_wconf 67' lang='lat' dir='ltr'>trochaiseher</span> <span class='ocrx_word' id='word_1_497' title='bbox 1219 2694 1416 2737; x_wconf 83' lang='lat' dir='ltr'>Septenar‚</span> <span class='ocrx_word' id='word_1_498' title='bbox 1450 2693 1486 2726; x_wconf 91' lang='lat' dir='ltr'>in</span> <span class='ocrx_word' id='word_1_499' title='bbox 1513 2694 1597 2727; x_wconf 90' lang='lat' dir='ltr'>dem</span> 
     </span>
     <span class='ocr_line' id='line_1_76' title="bbox 847 2739 1596 2784; baseline 0.003 -11"><span class='ocrx_word' id='word_1_500' title='bbox 847 2751 982 2784; x_wconf 75' lang='lat' dir='ltr'>pueros</span> <span class='ocrx_word' id='word_1_501' title='bbox 1007 2740 1210 2784; x_wconf 83' lang='lat' dir='ltr'>zweisilbig</span> <span class='ocrx_word' id='word_1_502' title='bbox 1244 2752 1286 2773; x_wconf 89' lang='lat' dir='ltr'>zu</span> <span class='ocrx_word' id='word_1_503' title='bbox 1319 2739 1420 2774; x_wconf 87' lang='lat' dir='ltr'>lesen</span> <span class='ocrx_word' id='word_1_504' title='bbox 1451 2739 1511 2774; x_wconf 84' lang='lat' dir='ltr'>ist.</span> <span class='ocrx_word' id='word_1_505' title='bbox 1563 2739 1596 2775; x_wconf 91' lang='lat' dir='ltr'>S.</span> 
     </span>
     <span class='ocr_line' id='line_1_77' title="bbox 854 2786 1597 2832; baseline 0.003 -12"><span class='ocrx_word' id='word_1_506' title='bbox 854 2787 1069 2821; x_wconf 84' lang='lat' dir='ltr'>Lachmann</span> <span class='ocrx_word' id='word_1_507' title='bbox 1095 2800 1123 2822; x_wconf 89' lang='lat' dir='ltr'>z.</span> <span class='ocrx_word' id='word_1_508' title='bbox 1145 2787 1249 2820; x_wconf 82' lang='lat' dir='ltr'>Lucr.</span> <span class='ocrx_word' id='word_1_509' title='bbox 1271 2787 1306 2820; x_wconf 92' lang='grc' dir='ltr'>Π</span> <span class='ocrx_word' id='word_1_510' title='bbox 1331 2798 1365 2830; x_wconf 88' lang='lat' dir='ltr'>p.</span> <span class='ocrx_word' id='word_1_511' title='bbox 1389 2790 1466 2820; x_wconf 76' lang='lat'>129.</span> <span class='ocrx_word' id='word_1_512' title='bbox 1512 2786 1597 2832; x_wconf 88' lang='lat' dir='ltr'>Vgl.</span> 
     </span>
     <span class='ocr_line' id='line_1_78' title="bbox 855 2833 1479 2877; baseline 0.003 -11"><span class='ocrx_word' id='word_1_513' title='bbox 855 2844 882 2867; x_wconf 89' lang='lat' dir='ltr'>z.</span> <span class='ocrx_word' id='word_1_514' title='bbox 910 2834 950 2868; x_wconf 92' lang='lat' dir='ltr'>T.</span> <span class='ocrx_word' id='word_1_515' title='bbox 978 2833 1029 2867; x_wconf 89' lang='grc'>111</span> <span class='ocrx_word' id='word_1_516' title='bbox 1057 2838 1110 2876; x_wconf 81' lang='lat'>19,</span> <span class='ocrx_word' id='word_1_517' title='bbox 1138 2837 1182 2867; x_wconf 88' lang='lat'>44</span> <span class='ocrx_word' id='word_1_518' title='bbox 1208 2833 1320 2867; x_wconf 76' lang='lat' dir='ltr'>abiete</span> <span class='ocrx_word' id='word_1_519' title='bbox 1348 2833 1479 2877; x_wconf 77' lang='lat' dir='ltr'>crispa.</span> 
     </span>
    </p>
   </div>
  </div>
 </body>
</html>
