1817 3103
225 99 230 106 '
293 91 691 165 TUSCULANAitUJit
715 91 1166 127 DISPUTATIONUMI.
1194 97 1283 128 42-
1289 98 1342 128 41)

1539 93 1594 134 25>

164 202 339 253 Cumque
372 202 548 252 corpor1s
582 158 730 239 facibus
762 200 991 239 inflammari
1025 200 1218 239 soleamus
1256 203 1300 239 ad
1344 215 1478 241 omnes
1511 204 1592 242 sere
1609 212 1652 242 44

45 260 279 312 cupiditates
312 272 436 310 eoque
469 260 590 310 magis
613 250 795 326 incendi,
834 258 937 310 quod
977 260 1024 297 iis
1056 258 1315 325 aemulemur,
1354 263 1419 310 qui
1454 274 1494 299 ea
1529 262 1592 300 ha-

45 319 180 372 beant,
213 330 311 370 quae
344 330 415 357 nos
441 317 584 357 habere
612 319 832 369 cupiamus,
864 317 1040 368 profecto
1068 316 1170 355 beati
1197 319 1361 368 eximus,
1395 331 1482 356 cum
1510 333 1594 358 cor-

45 377 207 430 poribus
239 376 387 416 relictis
423 382 461 415 et
499 376 755 428 cupiditatum
793 381 832 414 et
869 375 1171 414 aemulationum
1211 377 1358 414 erimus
1397 384 1595 427 expertes3

44 436 229 488 quodque
261 447 365 474 nunc
398 436 578 487 facimus,
617 447 705 474 cum
744 434 858 473 laxati
898 435 1004 472 curis
1042 446 1196 485 sumus,
1235 439 1278 472 ut
1316 440 1492 485 spectare
1533 435 1595 472 ali-

44 494 137 546 quid
169 493 333 532 velimus
371 499 410 532 et
448 495 590 544 visere,
628 493 665 532 id
705 492 826 531 multo
866 498 949 530 tum
988 493 1174 531 faciemus
1214 492 1376 531 liberius
1416 498 1596 543 totosque

45 564 116 592 nos
150 553 190 591 in
233 552 541 603 contemplandis
573 551 692 590 rebus
732 550 1097 602 peispiciendisque
1140 562 1348 602 ponemus,
1389 557 1596 601 propterea

45 610 184 668 (111-0μᾲ
182 616 221 662 et
248 617 402 661 natuia
418 612 520 659 inest
551 611 590 648 in
620 609 818 648 mentibus
846 611 990 654 nostris
1017 609 1247 647 insatiabilis
1274 609 1463 660 quaedam
1491 611 1596 662 cupi-

43 669 144 708 ditas
170 671 251 708 veri
278 668 432 708 videndi
459 675 498 707 et
524 680 614 707 orae
640 669 747 719 ipsae
774 668 950 707 locoium
977 667 1151 719 illm-‚um
1185 681 1261 718 quo
1289 668 1597 719 pervenerimus,

27 718 126 779 'qu6
127 713 366 766 faciliorem
405 726 517 766 nobis
556 728 818 778 cognitionem
860 738 993 765 13111111
1036 726 1394 778 caelestium
1395 727 1597 769 maiorem

43 759 782 853 cognosceQ
843 784 945 823 Haec
980 786 1084 823 enim
1116 785 1367 835 pulchiitudo
1404 786 1520 823 etiam
1558 786 1632 823 in4

43 846 161 883 terris
62 836 511 897 patritfflam
545 851 583 883 et
615 845 771 903 avitam,
808 849 851 882 ut
883 845 935 882 ait
967 843 1281 895 Theophrastus,
1312 843 1597 894 philosophiam

43 904 277 954 cognitionis
309 902 522 954 cupiditate
554 904 755 941 incensam
788 903 981 941 excitavit.

1043 901 1258 953 Praecipue
1290 915 1312 939 v
1315 914 1382 940 ero
1417 902 1451 940 si
1455 908 1599 941 uentui

43 973 105 1013 ea,
148 962 214 1012 qui
254 967 338 1000 tum
380 963 512 1012 etiam,
554 974 643 1000 cum
685 961 754 1000 has
795 967 921 1000 terras
962 960 1178 999 incolentes
1218 961 1447 999 circumfusi
1489 966 1599 999 erant

43 1019 226 1072 caligine,
263 1025 392 1059 tamen
432 1021 512 1059 acie
552 1022 694 1059 mentis
727 1020 920 1071 dispicere
954 1018 1174 1070 cupiebant.

43 1078 187 1129 aliquid
220 1078 381 1129 adsequi
414 1091 455 1117 se
487 1084 642 1130 putant,
675 1080 742 1129 qui
774 1080 917 1117 ostium
951 1077 1064 1116 Ponti
1097 1077 1280 1116 viderunt
1312 1084 1349 1117 et
1382 1090 1447 1116 eas
1479 1090 1598 1129 angu-

44 1138 155 1190 stias,
186 1149 258 1188 per
289 1149 386 1188 quas
418 1139 635 1188 penetravit
669 1150 729 1188 ea,
764 1148 861 1188 quae
895 1141 955 1175 est
986 1137 1183 1175 nominata

347 1208 475 1256 Atyo',
508 1210 604 1256 quia
636 1209 781 1255 Λιῃῖνὶ
810 1205 851 1245 in
884 1219 932 1245 ea
965 1205 1105 1245 dilecti
1133 1209 1214 1245 viri

348 1264 453 1304 recti
476 1267 666 1315 petebant
693 1265 834 1315 pe'llem
868 1268 1101 1304 inauratam
1134 1263 1293 1311 arietis,

46 1341 113 1375 aut
143 1337 187 1387 ii,
220 1336 286 1386 qui
319 1334 463 1374 Oceani
495 1335 593 1374 freta
625 1335 688 1373 illa
721 1335 919 1386 viderunt,

276 1406 481 1455 Europam
514 1406 761 1456 Libyamque
793 1417 928 1455 rapax
960 1406 1032 1444 ubi
1061 1406 1202 1444 dividi(
1234 1406 1361 1453 unda,

42 1475 146 1528 quod
180 1475 336 1514 tandem
369 1474 638 1526 spectaculum
676 1475 758 1514 sore
797 1481 998 1527 putamus,
1040 1487 1128 1514 cum
1164 1480 1282 1514 totam
1323 1481 1469 1514 terram
1508 1487 1598 1514 eon-

43 1535 146 1574 tueri
177 1533 310 1573 licebit
342 1535 505 1585 eiusque
539 1546 629 1573 cum
661 1535 799 1586 situm,
841 1534 1024 1585 formam,
1057 1535 1483 1585 circumscriptionem,
1516 1541 1599 1573 tum

41 1599 81 1632 et
112 1592 342 1632 habitabiles
373 1595 554 1643 regiones
587 1599 626 1631 et
664 1604 824 1630 rursum
856 1594 961 1630 omni
994 1592 1102 1631 cultu
1136 1599 1298 1643 propter
1331 1594 1406 1630 vim
1440 1593 1597 1643 frigoris

40 1657 108 1691 aut
139 1651 278 1690 caloris
310 1648 521 1689 vacantes?
582 1650 660 1689 Nos
693 1652 795 1689 enim
829 1663 876 1689 ne
910 1663 1014 1689 nunc
1048 1650 1205 1701 quidem
1238 1651 1362 1689 oculis
1395 1653 1594 1690 cernimus
1610 1659 1654 1690 46

87 1767 145 1798 44.
171 1764 332 1808 corporis
350 1764 511 1806 facibus:
535 1764 604 1807 faa:
622 1763 672 1797 ist
691 1763 784 1798 bild-

41 1810 159 1846 licher
199 1810 394 1845 Ausdruck
452 1810 510 1844 fiir
564 1811 656 1845 alles
709 1821 784 1845 was

40 1856 256 1903 Aufregung
281 1856 551 1902 hervorbringt.
602 1857 634 1891 ΙΙ
662 1861 718 1900 25,
739 1861 782 1892 61

39 1905 136 1947 faces
161 1905 304 1940 doloris.
355 1904 388 1939 V
414 1908 470 1948 27,
493 1908 535 1939 76
562 1905 664 1939 dolor
689 1905 785 1947 faces

40 1951 205 1986 intentat.

88 2008 172 2034 orae
200 1999 375 2040 locorum,
413 1998 493 2033 eine
531 1998 605 2033 fast
641 1997 782 2033 (1131113-

40 2044 161 2080 rische
180 2045 478 2090 Umschreibung
500 2044 559 2080 fiir
584 2046 673 2088 Ioci,·
698 2055 782 2080 orae

42 2108 86 2121 =
110 2093 280 2137 regiones.

89 2143 144 2174 45.
171 2139 274 2174 Haec
290 2139 541 2183 pulchritudo,
561 2139 596 2174 d.
610 2139 632 2173 i.
653 2139 782 2174 harum

41 2196 161 2222 rerum
182 2186 428 2230 pulchritudo.
477 2185 529 2220 III
555 2190 616 2228 34,
643 2189 686 2220 83
718 2186 783 2221 hoc

0 2260 1 2267 ,
41 2234 164 2268 otium.
215 2232 262 2268 ad
286 2233 362 2268 Att.
389 2233 440 2267 IX
468 2236 528 2276 16,
556 2237 575 2267 3
602 2233 695 2267 hanc
719 2233 782 2267 ha-

0 2323 1 2326 *
42 2280 126 2315 bebo
149 2280 319 2325 qratiam.
369 2279 414 2314 de
440 2279 500 2314 fin.
526 2279 636 2323 1120,
657 2284 701 2315 66
726 2280 784 2314 11ἱο

40 2327 142 2362 ἀοῖον
167 2343 211 2355 ==
236 2327 346 2361 huius
370 2327 423 2361 rei
448 2327 559 2361 dolor.

0 2379 1 2387 ¹
81 2374 263 2429 patritam
282 2376 314 2408 et
339 2374 496 2416 avitam,
520 2369 699 2420 πατρῴαν
720 2373 783 2407 καὶ

40 2418 241 2466 παππῴαν.
292 2419 464 2455 Gemeint
494 2420 544 2455 ist
575 2410 634 2455 die
666 2420 783 2454 Lehre

41 2466 107 2502 der
153 2457 346 2502 ionischen
403 2466 696 2512 Natat-philosop
698 2467 783 2510 hen,

42 2513 106 2549 des
135 2514 271 2550 Thales
308 2513 383 2549 und
420 2513 582 2549 auderet.
634 2513 782 2549 Densel-

42 2560 115 2596 ben
139 2561 359 2605 Gedanken,
393 2560 472 2596 dass
497 2561 556 2595 die
583 2560 784 2596 Schonheit

44 2607 108 2642 der
143 2608 246 2643 Welt
289 2608 361 2643 den
399 2608 635 2652 angebornen
672 2608 799 2642 'l'rieb‘

42 2653 138 2689 nach
168 2654 395 2690 Erkenntnis
427 2654 644 2700 angefeuert
673 2655 782 2697 habe,

42 2700 110 2736 hat
134 2700 207 2737 Cic.
234 2702 329 2736 auch
354 2701 386 2736 V
408 2705 463 2745 24,
486 2705 528 2736 69
553 2701 781 2746 ausgefflhrt.

92 2746 355 2792 Theophrastus
373 2759 444 2784 von
461 2749 593 2784 Eresos
613 2749 679 2783 auf
694 2749 782 2784 Les-

43 2792 127 2838 bos,
164 2795 229 2830 der
260 2795 414 2831 Schfiler
450 2796 527 2830 und.
555 2795 783 2841 Naehfolger

44 2839 107 2876 des
155 2841 386 2878 Aristoteles.
437 2842 509 2879 Cic.
563 2843 783 2878 bewundert

857 1763 984 1798 seinen
1017 1763 1088 1798 Stil
1125 1763 1200 1798 und
1239 1763 1365 1798 seinen
1402 1763 1599 1798 Reichtum

856 1810 1343 1845 naturwissensehaftlieher
1369 1811 1599 1854 Kenntnisse‚

856 1857 975 1892 tadelt
1000 1857 1088 1892 aber
1114 1857 1213 1892 seine
1232 1857 1445 1892 Weiehheit
1470 1857 1508 1892 in
1535 1857 1599 1892 der

856 1904 981 1939 Ethik.

902 1951 1094 1995 dispicere,
1115 1950 1316 1996 eigentlieh
1336 1950 1405 1985 mit
1425 1952 1599 1986 Anstren-

854 2009 956 2043 gung
987 1997 1047 2032 die
1071 1998 1273 2032 Finsternis
1308 1998 1596 2043 durchdringen;

853 2046 898 2079 de
913 2045 972 2080 fin.
987 2044 1037 2079 IV
1051 2049 1105 2088 23,
1122 2048 1165 2079 64
1194 2046 1366 2090 quoniam
1385 2045 1511 2087 catuli,
1537 2047 1601 2089 qui

853 2093 928 2127 iam
952 2093 1152 2137 dispecturi
1175 2095 1279 2134 sunt,
1312 2093 1411 2127 caeci
1435 2103 1544 2136 aeque
1568 2095 1601 2127 et

853 2140 884 2174 ii
908 2140 972 2183 qui
996 2140 1100 2174 modo
1126 2140 1216 2174 nati.

901 2186 995 2230 Καρ.
1023 2186 1086 2221 20.
1131 2186 1291 2230 aliquid,
1311 2186 1424 2221 etwas
1441 2185 1598 2221 Grosses.

857 2232 891 2267 S.
918 2232 969 2266 IV
995 2236 1056 2276 20,
1084 2237 1139 2268 46.

903 2280 1022 2324 Aryo:
1048 2279 1107 2314 die
1121 2279 1235 2314 Verse
1262 2279 1344 2314 sind
1364 2290 1428 2314 aus
1448 2279 1599 2314 Ennius‘

855 2326 988 2361 Medea
1006 2326 1108 2370 exul,
1128 2337 1186 2362 wo
1200 2326 1259 2362 die
1274 2328 1404 2362 Amme
1419 2326 1598 2369 wiinscht,

855 2373 935 2408 dass
949 2373 1105 2408 niemals
1122 2374 1182 2408 die
1196 2374 1323 2408 Tanne
1344 2373 1477 2418 gefallt
1490 2376 1598 2415 ware,

856 2431 921 2455 aus
935 2421 1096 2455 welcher
1113 2420 1172 2455 die
1185 2421 1284 2465 Argo
1304 2421 1443 2466 gebaut
1462 2420 1598 2463 wurde,

855 2467 996 2502 welche
1035 2467 1093 2513 (113
1119 2467 1277 2511 Argiver
1313 2468 1410 2503 nach
1446 2467 1599 2502 Kolchis

856 2514 988 2549 fiihrte.
1039 2505 1201 2549 Ahnlieh
1226 2513 1319 2549 heiss
1306 2516 1337 2549 ‘c
1359 2525 1397 2549 es
1416 2514 1455 2549 in
1474 2513 1597 2558 Eurip.

856 2561 988 2596 Medea
1012 2573 1045 2596 v.
1074 2562 1137 2597 5f
1172 2558 1319 2605 ἀνδρῶν
1351 2558 1528 2604 (ἔρι’,στων
1565 2559 1599 2594 οἳ

855 2606 896 2643 τὸ
923 2606 1138 2652 πάγχρυσον
1170 2607 1285 2652 δέρας
1315 2609 1435 2653 Πελίᾳ
1469 2608 1599 2652 μετῆλ-

855 2657 940 2690 θον.
969 2675 1012 2680 -
1039 2656 1177 2697 dilecti,
1203 2655 1285 2689 hier
1311 2672 1353 2684 =
1380 2656 1513 2689 delecti.

902 2702 1094 2747 Europam
1119 2705 1188 2737 cet.
1239 2701 1345 2736 Naeh
1371 2701 1515 2736 Merula
1541 2700 1600 2735 ein

854 2749 948 2784 Vers
986 2749 1049 2784 des
1087 2749 1236 2784 Ennius.
1288 2748 1322 2783 S.
1351 2748 1495 2782 Vahlen
1532 2747 1599 2782 En.

855 2808 889 2841 p.
915 2795 982 2832 rel.
1008 2808 1043 2840 p.
1071 2800 1126 2831 45.

900 2853 1066 2885 rursum,
1094 2854 1120 2876 s,
1147 2845 1165 2884 ξ
1192 2845 1247 2877 40.

1638 567 1679 835 3

1237 1019 1393 1058 Etenim
1426 1020 1458 1058 si
1491 1016 1669 1058 111111320
