1817 3103
312 67 702 105 TUSCULANARUM
728 67 1125 103 DISPUTATIONUM
1154 68 1195 101 Il.
1227 72 1324 102 1—5.
1541 65 1595 105 73

49 180 289 220 audientium
315 178 542 230 adprobatio
572 199 636 230 -,
662 177 729 216 sed
759 179 792 216 si
818 176 1116 228 reperiebantur
1148 189 1223 215 non
1259 178 1368 228 nulli,
1403 179 1466 228 qui
1502 177 1596 215 nihil

46 238 266 290 laudarent,
313 239 388 276 nisi
426 237 528 288 quod
567 249 608 275 se
647 238 789 275 imitari
827 248 942 288 posse
980 235 1238 286 confiderent,
1276 248 1470 287 quemque
1510 248 1594 287 spe-

47 296 157 336 randi
190 296 283 348 sibi,
318 296 486 335 eundem
524 295 623 334 bene
662 294 816 333 dicendi
854 295 969 333 linem
1007 299 1289 345 proponerent,
1329 299 1366 332 et
1404 307 1491 332 cum
1531 294 1596 331 ob-

47 360 259 395 ruerentur
286 357 394 405 copia
422 356 703 393 sententiarum
731 360 845 404 atque
873 353 1099 403 verborum,
1125 353 1366 390 ieiunitatem
1395 357 1433 390 et
1459 353 1599 391 famem

48 426 89 454 se
123 413 234 452 malle
267 425 381 464 quam
415 413 632 452 ubertatem
671 419 710 451 et
746 414 897 462 copiam
929 411 1105 450 dicerent
1137 407 1260 464 (unde
1299 416 1383 448 erat
1421 417 1599 448 exortum

47 484 171 525 genus
203 473 420 511 Atticorum
452 473 499 510 iis
532 473 644 523 ipsis,
686 473 751 522 qui
784 471 821 509 id
854 472 966 521 sequi
999 483 1039 509 se
1072 469 1374 520 profitebantur,
1412 470 1600 520 ignotum,

48 532 114 582 qui
152 532 227 569 iam
272 532 548 569 conticuerunt
590 542 713 581 paene
758 529 804 568 ab
848 531 933 580 ipso
976 529 1058 567 soro
1098 523 1248 581 inrisi):
1293 527 1385 578 quid
1424 528 1600 566 futurum

46 595 247 642 putamus,
279 601 368 629 cum
400 589 575 629 adiutore
602 588 763 640 populo,
795 600 871 639 quo
904 587 1111 626 utebamur
1143 593 1272 639 antea,
1305 598 1409 625 nunc
1443 587 1600 625 minime

47 660 118 687 nos
162 650 220 687 uti
263 660 378 699 posse
423 645 651 686 videamus?
712 646 782 685 Est
821 648 924 685 enim
961 647 1205 697 philosophia
1244 647 1378 696 paucis
1417 650 1636 684 contenta4

46 706 259 759 iudicibus,
291 706 581 745 multitudinem
607 705 785 744 consulto
812 707 893 756 ipsa
920 706 1073 756 fugiens
1101 706 1214 755 eique
1241 706 1316 755 ipsi
1348 710 1387 743 et
1419 709 1600 755 suspecta

48 771 88 805 et
119 767 258 817 invisa,
296 771 339 804 ut
371 765 448 817 vel,
486 767 518 803 si
556 766 642 816 quis
682 766 904 803 universam
943 764 1034 803 velit
1071 765 1312 816 vituperare,
1350 763 1524 802 secundo
1562 761 1600 800 id

46 824 190 876 populo
223 824 350 862 facere
383 825 524 876 possit,
559 823 619 861 vel
653 825 685 862 si
717 825 755 861 in
789 834 891 875 eam,
931 835 1046 874 quam
1078 835 1150 861 nos
1182 824 1347 860 maxime
1387 823 1601 873 sequimur,

49 888 213 922 conetur
244 882 444 933 invadere,
477 894 613 934 magna
645 882 790 921 habere
823 883 946 933 possit
977 881 1117 920 auxilia
1150 893 1174 920 a
1207 881 1448 932 reliquorum
1480 879 1602 932 philo-

47 941 260 993 sophorum
303 941 529 993 disciplinis.

591 941 671 980 Nos
710 946 838 979 autem
872 942 1076 979 universae
1108 940 1375 992 philosophiae
1407 934 1645 991 vitupera-2

47 999 199 1039 toribus
220 1000 494 1052 respondimus
519 1001 559 1038 in
580 1000 808 1052 Hortensio,
834 1012 905 1051 pro
926 1000 1130 1039 Academia
1157 1004 1286 1038 autem
1315 1010 1413 1049 quae
1439 997 1602 1036 dicenda

49 1064 200 1111 essent,
238 1060 331 1098 satis
363 1064 543 1098 accurate
575 1061 616 1098 in
649 1058 889 1097 Academicis
922 1064 1107 1110 quattuor
1138 1058 1248 1097 libris
1281 1057 1469 1108 explicata
1502 1056 1602 1095 arbi-

48 1123 216 1169 tramur3
249 1118 315 1156 sed
349 1124 478 1156 tamen
505 1123 656 1156 tantum
689 1117 815 1169 abest,
847 1123 891 1156 ut
923 1117 1042 1156 scribi
1069 1123 1204 1156 contra
1238 1129 1308 1155 nos
1340 1116 1528 1167 nolimus,
1560 1121 1604 1154 ut

47 1177 86 1215 id
119 1178 234 1215 etiam
266 1178 431 1214 maxime
458 1182 650 1227 optemus.

713 1176 755 1214 ln
787 1177 870 1227 ipsa
904 1178 1006 1214 enim
1034 1175 1194 1214 Graecia
1220 1175 1463 1227 philosophia
1495 1180 1602 1213 tanto

47 1236 87 1274 in
120 1234 267 1273 honore
300 1246 511 1286 numquam
544 1235 700 1287 fuisset,
732 1236 807 1273 nisi
833 1234 1150 1274 doctissimorum
1177 1233 1494 1273 contentionibus
1527 1233 1602 1271 dis-

48 1292 375 1345 sensionibusque
407 1294 606 1345 viguisset.

168 1352 292 1398 Quam
323 1352 372 1391 ob
406 1365 488 1391 rem
515 1353 652 1391 hortor
679 1365 833 1406 omnes,
865 1354 933 1403 qui
966 1353 1092 1391 facere
1125 1351 1163 1390 id
1196 1357 1379 1404 possunt,
1412 1357 1455 1390 ut
1486 1350 1641 1394 huius5

94 1467 155 1502 sed
178 1467 212 1501 si
236 1466 508 1510 reperiebantur
527 1468 596 1503 cet.
643 1468 704 1502 sed
723 1479 787 1501 un-

47 1513 227 1549 terbricht
250 1513 308 1548 die
328 1514 553 1549 Parenthese
578 1514 653 1548 und
679 1514 789 1549 kehrt

47 1573 91 1596 zu
117 1561 202 1596 dem
220 1559 541 1606 Hauptgedanken
560 1560 706 1596 zuriick.
753 1561 787 1596 S.

50 1612 106 1651 14,
132 1611 188 1642 32.
236 1607 310 1642 Fiir
335 1607 405 1642 den
425 1607 627 1643 Gedanken
654 1620 680 1644 S.
701 1607 787 1645 Tac.

49 1655 136 1690 dial.
173 1658 216 1689 18
251 1654 353 1689 Satis
385 1658 525 1690 constat
550 1666 593 1690 rae
625 1655 790 1690 Ciceroni

49 1703 191 1747 quidem
224 1702 472 1737 obtrectatores
502 1702 673 1746 defuisse,
711 1704 789 1747 qui-

49 1751 116 1785 bus
159 1750 311 1794 inflatus
349 1753 380 1784 et
417 1753 554 1785 tumens
597 1761 661 1784 nec
702 1751 792 1784 satis

44 1806 210 1842 pressus,
233 1797 294 1831 sed
311 1806 425 1846 supra
443 1798 586 1832 modum
607 1797 792 1832 eaesultarzs

49 1848 82 1878 et
105 1845 332 1887 superfluens
361 1847 393 1879 et
418 1855 554 1889 parum
583 1845 716 1879 atticus
739 1845 790 1879 vi-

49 1892 200 1926 deretur.
224 1911 267 1916 —-
285 1890 376 1926 Hier
394 1903 428 1926 u.
450 1893 540 1926 orat.
564 1895 594 1935 7,
609 1895 654 1926 24
679 1892 792 1926 Nunc

50 1939 145 1973 enim
169 1941 310 1972 tantam
335 1939 483 1983 quisque
507 1939 652 1981 laudat,
678 1949 790 1983 quart-

50 1989 126 2020 tum
151 1995 186 2019 se
211 1995 316 2029 posse
346 1989 467 2030 sperat
503 1986 645 2020 imitari
682 1986 792 2021 dreht

50 2032 123 2067 Cic.
150 2032 210 2067 die
237 2031 354 2066 Sache
380 2043 436 2075 so,
464 2032 519 2067 als
545 2033 675 2067 hatten
701 2033 790 2068 Bru-

48 2081 126 2124 tus,
147 2078 297 2121 Calvus,
318 2078 467 2114 Asinius
486 2078 608 2115 Pollio
632 2080 708 2114 nnd
729 2092 791 2115 an-

50 2126 135 2161 dere
160 2126 237 2161 ihm
268 2126 423 2161 deshalb
450 2126 635 2162 Schwulst
659 2138 791 2173 vorge-

49 2173 204 2217 worfen,
230 2173 315 2208 weil
334 2173 386 2208 sie
406 2173 470 2208 der
489 2173 595 2208 Fiille
614 2175 689 2209 und
709 2175 793 2209 dem

53 2220 259 2264 Schwunge
279 2220 399 2255 seiner
418 2221 520 2255 Rede
539 2221 645 2256 nicht
663 2222 793 2257 hatten

52 2266 350 2312 gleichkommen
375 2268 533 2303 konnen.

98 2315 281 2358 sperandi.
331 2324 476 2358 sperare
496 2332 540 2344 =
555 2315 730 2359 erhoffen,
750 2328 794 2350 zu

53 2361 242 2407 erreighen
273 2360 407 2397 hoffen.
457 2362 543 2405 finis
579 2362 795 2398 bezeichnet

54 2407 118 2442 das
143 2407 349 2451 Ausserste,
381 2407 562 2450 Hochste‚
598 2409 721 2444 sodafs
755 2421 794 2445 es

52 2454 113 2489 bei
154 2455 330 2499 sperandi
373 2455 439 2490 das
477 2468 521 2490 zu
557 2456 794 2492 erreichende

54 2501 147 2545 Ziel,
173 2502 234 2536 bei
254 2503 338 2537 bene
357 2502 502 2537 dicendi
522 2503 586 2538 das
608 2503 710 2538 Ideal
730 2504 795 2539 der

53 2548 331 2584 Beredsamkeit
355 2549 567 2584 ausdruckt.

99 2605 210 2640 yemis
218 2597 432 2631 Atticorum.
459 2597 546 2631 Man
558 2598 794 2633 unterschied

57 2641 133 2677 drei
146 2642 263 2677 Arten
282 2643 347 2678 der
360 2643 649 2688 Beredsamkest,
663 2641 793 2689 ἅδρον,

55 2687 186 2734 μέσονρ
223 2686 368 2735 ἰσχνόν,
398 2692 538 2735 gravis,
575 2693 710 2734 media,
748 2696 794 2727 te-

55 2736 159 2779 nuis,
195 2736 254 2771 die
284 2736 322 2771 in
353 2736 557 2772 Gedanken
587 2738 662 2773 und
688 2740 794 2774 Wor·

55 2783 119 2834 ten
152 2783 368 2828 pomphafte
403 2785 620 2828 asiatische,
657 2785 696 2820 in
729 2786 794 2821 der

57 2827 163 2863 Mate
199 2829 346 2875 liegend
383 2829 443 2866 die
480 2832 693 2876 rhodische,
734 2833 794 2867 die

843 1466 1047 1511 'einfache,
1087 1466 1330 1510 Redefiguren
1369 1463 1444 1499 und
1479 1463 1605 1498 Bilder

860 1514 1176 1548 verschm’ahende
1202 1513 1361 1548 attische
1387 1511 1605 1546 Beredsam-

860 1560 949 1596 keit.
1000 1560 1088 1596 Dafs
1132 1560 1208 1604 die,
1253 1559 1393 1595 welche
1435 1559 1473 1593 in
1511 1558 1605 1593 Rom

862 1607 941 1643 sich
958 1608 1105 1642 Attiker
1124 1608 1305 1651 nannten,
1325 1606 1433 1641 keine
1454 1606 1606 1641 wahren

861 1655 1100 1689 Nachahmer
1137 1655 1202 1689 der
1239 1653 1386 1699 grossen
1422 1652 1607 1688 attisehen

861 1702 1007 1737 Redner
1033 1702 1149 1745 scien,
1177 1701 1293 1736 denen
1321 1701 1372 1735 sie
1398 1712 1468 1734 nur
1490 1698 1607 1734 durch

863 1751 1055 1792 ieiunitas,
1083 1750 1245 1791 siccitas,
1271 1749 1400 1793 inopia
1421 1747 1544 1792 gleich
1563 1757 1607 1780 zu

863 1798 1037 1832 kommen
1076 1796 1248 1838 suchten,
1288 1796 1373 1839 sagt
1401 1794 1472 1829 Cic.
1512 1793 1607 1828 auch

863 1844 965 1879 Brut.
999 1847 1056 1887 82,
1081 1847 1168 1885 284,
1207 1843 1283 1877 und
1321 1842 1427 1876 datin
1464 1841 1609 1876 stimmt.

862 1891 940 1926 ihm
968 1890 1120 1933 Quintil.
1149 1890 1217 1925 XII
1245 1894 1299 1933 10,
1329 1894 1369 1924 16
1390 1889 1412 1924 f.
1440 1889 1511 1924 bei.

910 1942 943 1974 4.
969 1940 1050 1983 ipsa
1075 1937 1262 1972 verstiirkt
1281 1938 1352 1971 den
1372 1935 1514 1981 Begriff
1534 1945 1608 1969 von

864 1987 1044 2029 consulto‚·
1082 1996 1121 2019 so
1160 1984 1252 2019 wird
1284 1984 1362 2018 dies
1401 1984 1609 2018 Pronomen

863 2034 990 2077 haufig
1027 2032 1122 2067 auch
1158 2032 1228 2066 mit
1263 2043 1333 2066 sua
1368 2034 1493 2075 sponte
1527 2040 1610 2063 ver-

864 2080 1023 2115 bunden.
1075 2080 1108 2114 S.
1140 2092 1168 2114 z.
1196 2079 1246 2113 IV
1274 2082 1334 2120 15,
1361 2082 1418 2113 34.

912 2127 1003 2171 Kap.
1026 2126 1064 2161 2.
1102 2128 1143 2161 in
1163 2126 1370 2161 Hortensio.
1408 2125 1500 2159 Dem
1515 2122 1609 2158 Red-

865 2186 931 2209 ner
957 2174 996 2216 Q.
1024 2173 1241 2209 Hortensius
1268 2176 1370 2217 (s.‚z.
1402 2173 1418 2206 I
1451 2175 1514 2215 24,
1550 2171 1609 2213 59)

866 2233 943 2256 war
957 2221 1054 2256 diese
1062 2221 1232 2255 verloren
1245 2229 1462 2265 gegangene
1472 2217 1611 2253 Schrist

867 2268 1079 2313 gewidmet.
1109 2268 1327 2302 Hortensius
1342 2266 1493 2302 bestritt
1504 2269 1608 2300 niim-

866 2316 940 2350 lich
966 2315 1004 2350 in
1024 2315 1107 2350 dem
1128 2315 1284 2360 Dialoge
1304 2325 1423 2359 gegen
1445 2312 1516 2349 Cic.
1539 2312 1610 2347 den

865 2363 1010 2397 Nutzen
1035 2363 1100 2396 der
1126 2362 1377 2406 philosophie.

913 2411 954 2444 in
979 2410 1216 2444 Academicis.
1267 2409 1335 2444 Die
1362 2407 1502 2443 Schrift
1532 2417 1611 2441 war

865 2457 1294 2546 ssgfszffugffllgrffissgffg
1311 2456 1522 2538 3352533
1522 2454 1611 2535 *2551

867 2551 1012 2586 Biicher
1043 2563 1115 2586 um.
1165 2551 1248 2585 Von
1288 2550 1353 2584 der
1389 2551 1510 2584 ersten
1541 2547 1610 2581 Be-

867 2598 1065 2643 arbeitung
1089 2598 1139 2632 ist
1164 2609 1232 2632 uns
1259 2597 1324 2632 das
1346 2597 1474 2631 zweite
1494 2595 1609 2637 Buch,

866 2657 938 2681 von
964 2645 1029 2680 der
1048 2644 1203 2680 zweiten
1222 2644 1282 2679 ein
1303 2644 1385 2679 Teil
1406 2643 1469 2678 des
1489 2643 1611 2678 ersten

866 2692 1044 2727 erhalten.

912 2741 988 2774 nisi
1006 2759 1052 2764 —
1071 2739 1260 2783 viyuisset:
1289 2738 1410 2772 ‘wenn
1436 2738 1487 2771 sie
1507 2735 1613 2771 nicht.

866 2787 904 2821 in
925 2786 989 2820 der
1008 2786 1176 2820 Polemik
1197 2785 1261 2819 der
1280 2784 1531 2828 Philosophen
1551 2783 1610 2818 ein

867 2833 1021 2867 frisches
1047 2832 1171 2867 Leben
1198 2831 1338 2876 gehabt
1362 2831 1495 2866 hatte’.
