1833 3098
555 95 1122 134 STELLEN-VERZEICHNIS.
1529 93 1611 135 159

62 213 212 261 quidem
243 211 410 249 Hdschr.
443 230 500 236 —
531 220 578 247 ne
611 210 817 256 intelleqere
853 209 1003 254 quidem
1037 211 1079 245 te.
1148 208 1215 244 47.
1246 219 1314 244 sur.
1428 217 1506 253 ..pie
1537 215 1616 243 csse

61 272 290 318 voluptatem
344 270 480 306 Baiter
534 268 626 305 edit.
682 266 896 304 Tauchnitz
952 286 1008 290 —
1063 277 1323 312 summamque
1381 266 1614 311 voluptatem.

63 330 131 367 54.
151 331 381 366 inveteratae
401 327 571 375 Seyffert
595 345 644 352 -
668 327 709 363 in
727 326 937 362 inveterata
956 318 1185 373 (inveterata
1204 319 1390 374 Hdsehr.)
1438 323 1504 360 55.
1524 334 1616 359 nam

62 388 104 426 id
135 388 307 433 efficiunt
335 385 504 434 Bentley
540 405 589 410 —
623 395 700 421 non
729 384 770 420 icl
801 383 981 429 efficiunt.
1031 382 1096 418 secl
1125 383 1277 418 maiora
1307 382 1493 423 ridentur,
1525 382 1617 427 quia

62 446 230 483 recentia
260 448 360 486 sunt,
392 455 470 481 non
501 444 592 490 quia
621 442 819 488 repentina
849 438 1095 487 Wesenberg
1124 459 1172 464 —
1201 440 1292 485 quia
1324 440 1487 476 recentia
1517 441 1617 481 sunt,

62 505 215 541 maiora
245 503 432 545 videntur,
462 512 540 538 non
570 501 661 546 quia
685 500 893 546 repentina.
958 498 1023 535 64.
1049 497 1269 534 declciratm·
1294 497 1383 533 haec
1409 496 1533 533 Heine
1565 516 1613 521 —

64 562 234 599 declarat
264 562 330 598 lice
354 580 410 586 —
435 555 675 608 (declaratur
704 556 800 604 lioe).
859 558 923 593 71.
951 558 984 593 et
1009 558 1133 593 tamen
1159 554 1329 604 Seyffert
1350 575 1403 580 —-
1433 556 1459 591 ii
1482 557 1618 591 tamen.

66 621 133 658 76.
159 621 367 657 orationem
391 617 441 654 H.
463 616 685 665 Stephanus
712 636 766 640 —
793 616 990 652 rationem.
1056 615 1121 652 77.
1149 616 1226 661 ipsc
1257 615 1426 660 fateatur
1451 611 1618 649 Hdsehr.

62 698 120 704 —-
141 679 220 725 ipse
244 666 448 724 fatebatur.
489 675 656 713 baiolum
682 673 848 711 Hdsehr.
873 693 921 698 —
947 673 1128 710 baiulum.
1193 673 1260 710 80.
1285 684 1378 709 num
1404 672 1504 718 quod
1529 673 1623 708 esset

64 735 249 783 Hdsch1·.‚
293 747 321 772 s.
367 734 511 771 Miiller
555 733 692 781 Progr.
725 731 957 780 Landsberg
997 731 1108 769 1865
1150 751 1207 756 —
1250 743 1343 767 num
1383 731 1474 777 quicl
1518 732 1620 767 essct.

67 795 134 832 83.
167 793 491 831 contractiuncula
527 792 759 838 reliquentur
797 789 922 827 Heine
962 809 1012 815 —-
1054 789 1398 827 contractiunculac
1440 789 1622 835 reliquen-

69 855 142 890 tur.
205 851 395 898 azymitae
426 849 593 887 Hdsehr.
630 869 677 874 ——
715 849 923 895 eliclenclae3
956 848 1099 886 ebenso
1131 846 1156 895 ἓ
1185 848 1252 885 84.

672 929 674 931 ’
717 951 785 989 Ν.
816 952 972 990 euch.

125 1024 150 1074 ἓ
179 1026 216 1063 3.
248 1025 448 1071 discriptos
475 1022 648 1072 Seyffert
673 1043 729 1048 —
756 1023 962 1070 descriptos
993 1017 1213 1073 (rescriptos
1239 1018 1437 1074 Hdschr.)
1500 1024 1537 1060 4.
1557 1034 1623 1069 pc-

60 1085 212 1133 perisse
241 1082 442 1131 Wopkens
479 1102 527 1107 -—-
562 1082 773 1129 repperisse
806 1076 1041 1132 (perperisse
1071 1077 1272 1132 Hdsehr.).
1342 1084 1377 1120 7.
1409 1082 1626 1128 nulliusque

68 1143 186 1181 unius
217 1141 387 1190 Bentley
416 1161 466 1166 —
494 1141 682 1187 nullisque
711 1141 839 1177 unius.
903 1141 939 1178 9.
973 1139 1115 1177 Utrum
1148 1142 1263 1188 iqitur
1294 1143 1419 1178 mavis
1449 1142 1626 1177 statimne

66 1200 193 1238 Heine
219 1220 276 1225 —-
309 1200 449 1238 Utrum
473 1200 522 1247 iq.
547 1199 698 1236 mavis?
722 1200 908 1236 statimne.
974 1200 1013 1236 in
1036 1200 1086 1236 iis
1111 1220 1166 1225 —
1194 1200 1235 1236 in
1260 1199 1327 1237 lu's.
1387 1200 1450 1236 10.
1477 1200 1627 1245 faciunt

65 1258 281 1297 klammert
318 1257 454 1295 Baiter
491 1257 565 1295 ein.
639 1258 702 1294 14.
735 1257 840 1294 stulti
876 1255 1049 1305 [autem]
1087 1259 1283 1305 aeqrituclo
1321 1260 1375 1295 est
1405 1277 1459 1283 —
1499 1258 1626 1295 stulto-

66 1330 154 1356 rum
193 1317 388 1364 aeqrituclo
427 1319 489 1354 est.
531 1311 665 1366 (stulta
702 1318 827 1353 autem
863 1327 964 1363 aeqr.
998 1319 1050 1354 est
1087 1313 1285 1368 Hdsch1·.).
1360 1328 1474 1363 caque
1504 1316 1626 1363 Bake,

68 1388 97 1415 s.
129 1375 256 1413 Heine
287 1374 425 1423 Progr.
457 1374 545 1412 Pos.
576 1386 612 1421 p.
645 1375 698 1411 10
734 1394 781 1399 —-
819 1385 881 1416 ea,
913 1386 999 1421 qua.
1066 1376 1131 1412 17.
1163 1377 1211 1413 iis
1242 1376 1324 1421 frui
1359 1395 1408 1400 --
1443 1375 1501 1412 liis
1532 1376 1624 1421 frui.

70 1435 134 1473 19.
167 1434 325 1471 Ennius
355 1431 523 1469 Hdschr.
555 1452 610 1457 —
643 1432 762 1470 Enni.
838 1434 903 1469 21.
937 1434 1173 1479 definiuntur
1204 1432 1372 1472 Hdschr.
1404 1453 1459 1459 —
1495 1434 1628 1478 defini-

66 1495 146 1530 wat.
177 1484 179 1486 ’
217 1493 281 1530 1έναι
312 1492 484 1528 acerbior
515 1491 600 1528 oclio
632 1493 665 1528 et
694 1492 826 1528 intimo
859 1492 967 1529 eorde
999 1503 1098 1531 conc.
1133 1492 1299 1529 Fertseh
1331 1491 1491 1536 Quaest.
1523 1491 1627 1530 Tull.

66 1549 109 1588 II
139 1562 175 1598 p.
206 1551 258 1587 17
290 1547 434 1587 Numb.
471 1570 520 1575 —
555 1551 618 1586 ira
655 1550 826 1587 acerbior
862 1551 994 1587 intimo
1033 1552 1161 1588 animo
1199 1554 1231 1588 et
1269 1551 1378 1588 corcle
1415 1562 1513 1588 conc.
1546 1546 1629 1602 (ira

70 1609 240 1647 acerbior
271 1609 404 1645 intimo
435 1608 520 1646 oclio
552 1611 585 1645 et
616 1608 725 1645 corclc
756 1620 854 1646 conc.
886 1604 1086 1660 Hdschu).
1148 1610 1212 1647 22.
1246 1607 1295 1657 [a
1325 1612 1427 1647 recta
1459 1607 1630 1657 ratione]

69 1666 242 1715 Bentley
275 1686 325 1692 —
361 1669 395 1704 et
425 1679 450 1704 a
480 1670 584 1704 recta
614 1668 762 1704 ratione
795 1662 847 1719 (et
877 1666 978 1704 fehlt
1008 1667 1050 1704 in
1081 1667 1157 1705 den
1187 1663 1389 1719 Hdschr.).
1446 1669 1512 1706 28.
1537 1679 1630 1715 pro-

70 1726 162 1763 clive
191 1724 420 1762 Lachmann
449 1737 479 1763 z.
505 1724 652 1762 Lucrez
683 1724 724 1762 II
755 1738 792 1774 p.
821 1726 874 1763 98
910 1746 961 1751 —-
994 1727 1190 1773 proclives.
1253 1728 1431 1773 feruntur
1462 1726 1629 1764 Hdschr.

69 1803 126 1810 —
158 1784 345 1830 ferantur.
409 1784 476 1822 30.
507 1784 698 1826 valetudo,
731 1786 849 1827 vires,
873 1785 1119 1832 pulchritudo
1153 1785 1324 1834 Seyffert
1356 1805 1411 1811 —
1443 1786 1630 1828 valetudo,

62 1842 321 1890 pulchritudo,
352 1844 463 1880 vires.
526 1843 592 1880 31.
625 1845 659 1880 et
689 1843 860 1880 celeritas
892 1843 1000 1880 Bake
1028 1864 1082 1869 —
1114 1845 1295 1883 celeritas.
1355 1845 1484 1882 morbo
1516 1847 1631 1891 temp-

71 1902 148 1939 tari
177 1912 254 1939 non
277 1904 458 1948 possunt,
497 1911 658 1948 corpora
687 1904 852 1948 possunt
882 1900 1051 1939 Hdsehr.
1084 1923 1139 1928 —·
1173 1904 1302 1940 morbo
1340 1905 1517 1950 temptari
1540 1914 1631 1950 pos-

70 1962 170 2003 sunt,
202 1962 243 1997 ut
273 1971 434 2007 corpora
456 1962 628 2007 possunt.
693 1960 759 1997 32.
785 1971 861 1997 non
887 1962 986 1998 enim
1011 1962 1053 1998 in
1076 1962 1159 1999 ulla
1185 1963 1352 2008 ecferata
1376 1961 1547 2010 Bentley
1577 1982 1625 1987 —

71 2021 161 2056 swnt
197 2019 296 2056 enim
325 2018 447 2055 multa
485 2019 661 2064 ecferata.
725 2013 821 2071 (non
852 2020 952 2057 enim
984 2020 1104 2057 multa
1134 2014 1322 2071 Hdschr.)
1393 2022 1459 2058 37.
1494 2023 1560 2058 aut
1593 2022 1632 2057 in

71 2077 210 2115 studiis
239 2076 417 2114 humanis
454 2076 550 2114 lasst
581 2076 625 2115 B.
659 2088 741 2114 aus.
810 2078 877 2116 40.
910 2079 960 2116 sit
997 2089 1041 2116 ea
1077 2079 1227 2116 mocle'ca
1257 2078 1365 2115 Bake
1399 2099 1453 2104 —
1486 2080 1552 2117 secl
1588 2089 1632 2116 ea

72 2135 231 2172 modica.
306 2136 375 2173 44.
413 2146 499 2173 cum
540 2146 716 2172 somnum
758 2147 892 2183 capere
934 2148 1010 2173 non
1044 2140 1175 2184 posset
1211 2136 1383 2186 Seyffert
1417 2158 1466 2163 -—
1510 2136 1634 2186 [quod

75 2204 250 2231 somnum
281 2204 415 2241 capere
444 2205 522 2231 non
545 2191 706 2242 posset]
779 2196 847 2232 46.
880 2197 945 2242 qui
975 2196 1225 2242 iynominiam
1256 2196 1350 2233 lasst
1380 2195 1518 2233 Baiter
1549 2208 1630 2233 aus.

75 2253 142 2290 47.
175 2254 407 2299 quaestione,
440 2263 459 2290 e
488 2264 560 2300 quo
593 2251 761 2302 Seyffert
793 2273 846 2279 —
880 2256 1107 2300 quaestione,
1140 2266 1211 2302 quo
1243 2248 1479 2305 (quaestione
1510 2266 1632 2302 aequa-

74 2305 273 2362 Hdschr.)
329 2311 396 2349 48.
420 2310 679 2350 Pacideianus
707 2332 756 2337 —-
785 2312 1032 2352 Paciclianus.
1094 2313 1176 2360 furi
1202 2312 1365 2351 Tischer
1388 2334 1437 2340 —
1461 2310 1491 2363 ’ί-
1510 2315 1631 2352 suria.

76 2369 144 2406 53.
176 2371 209 2406 et
239 2371 390 2407 omnino
421 2369 547 2407 Heine
583 2390 632 2395 —
669 2373 736 2408 aut
765 2372 928 2409 omnino.
997 2372 1063 2410 56.
1097 2371 1171 2420 Qui
1201 2373 1243 2410 ul
1273 2373 1484 2420 approbari
1514 2372 1630 2420 Vulg.

77 2446 132 2452 ——
165 2429 249 2474 quis
284 2428 326 2466 id
361 2429 575 2476 approbare
607 2423 712 2480 (quis
746 2430 788 2467 icl
824 2431 1034 2478 approbari
1070 2425 1269 2482 Hdschr.)
1347 2431 1412 2469 58.
1443 2431 1502 2469 liis
1540 2432 1634 2478 ipsis

75 2484 244 2524 Hdsehr.
276 2507 330 2511 —
363 2482 458 2535 [iis]
488 2489 593 2534 ipsis.
669 2488 734 2525 61.
766 2489 824 2526 vel
860 2489 967 2527 mala
998 2510 1053 2515 —
1084 2490 1144 2527 vel
1181 2491 1279 2527 bona
1309 2489 1481 2538 Bentley
1513 2509 1567 2515 —
1602 2491 1634 2525 et

76 2544 182 2582 mala
223 2564 271 2570 —
313 2547 346 2582 et
381 2546 480 2583 bona
525 2540 609 2597 (nec
644 2546 751 2584 mala
789 2568 843 2572 —
881 2559 948 2586 nee
988 2549 1086 2586 bona
1123 2542 1321 2600 Hdschr.)
1399 2549 1463 2586 66.
1503 2558 1635 2585 cavere

78 2602 178 2640 decet
201 2602 323 2641 Davis
350 2623 404 2629 —
423 2604 628 2650 providere
653 2605 751 2642 decet
777 2599 984 2657 (confidere
1011 2608 1111 2645 decet
1141 2603 1341 2657 Hdschr.).
1404 2607 1469 2644 68.
1503 2608 1563 2644 cui
1593 2607 1635 2642 in

78 2671 198 2698 manu
233 2661 400 2699 Hdschr.
444 2682 502 2688 —
545 2663 654 2700 euius
695 2664 737 2700 in
779 2675 909 2702 manu.
980 2666 1044 2703 74.
1077 2664 1158 2713 [vel
1201 2666 1277 2703 alio
1320 2662 1453 2712 modo]
1496 2663 1634 2701 Heine.

79 2719 200 2756 alium
229 2721 360 2767 pudor
395 2719 492 2757 lasst
521 2719 659 2758 Baiter
695 2732 776 2759 aus.
853 2725 917 2761 77.
957 2724 1041 2770 quis
1081 2725 1165 2761 item
1202 2723 1430 2761 Fleckeisen
1467 2742 1515 2747 —
1551 2718 1636 2768 quis

80 2779 215 2816 autem.
288 2779 353 2817 80.
400 2781 453 2817 est
497 2780 623 2826 opinio
663 2778 790 2817 Heine
837 2801 886 2806 —
935 2785 988 2819 est
1030 2782 1257 2828 diffidentia.
1327 2781 1394 2819 81.
1438 2781 1636 2828 depellitur

78 2834 292 2874 klammert
321 2836 459 2875 Baiter
489 2837 562 2875 ein.
