1817 3103
300 102 695 138 TUSCULANARUM
721 102 1115 138 DISPUTATIONUM
1143 104 1186 138 II.
1215 108 1363 140 63-67.
1525 105 1606 147 105

48 213 263 265 exsultant,
302 212 566 251 lamentantur
603 213 642 250 in
682 210 830 250 morbo.
892 211 996 250 Nihil
1034 213 1136 250 enim
1175 218 1304 263 potest
1342 226 1428 252 esse
1468 227 1606 266 aequa-

48 271 145 324 bile,
178 271 393 323 quod-non
426 283 445 309 a
479 276 585 310 certa
618 272 768 309 ratione
800 271 1084 321 proficiscatur.

170 329 247 368 Sed
290 341 378 368 cum
418 329 548 367 videas
588 341 672 381 eos,
711 330 777 380 qui
816 334 881 368 aut
919 328 1049 368 studio
1087 334 1152 367 aut
1187 330 1369 380 opinione
1403 330 1666 384 ducamini-,66

46 391 88 428 in
137 400 183 427 eo
224 387 498 439 persequendo
542 393 658 438 atque
703 387 952 439 adipiscendo
991 387 1124 425 dolore
1163 399 1240 425 non
1279 387 1422 439 frangi,
1466 389 1608 429 debeas

52 448 277 486 existimare
309 439 383 485 'aut
421 458 499 484 non
539 458 625 485 esse
658 445 801 485 malum
835 445 1008 484 dolorem
1049 451 1131 497 aut,
1172 447 1288 484 etiam
1331 447 1380 497 si,
1422 448 1607 497 quicquid

47 517 231 557 asperum
264 503 516 555 alienumque
555 510 693 543 natura
733 505 801 556 sit,
840 504 877 542 id
917 503 1103 556 appellari
1140 503 1290 555 placeat
1326 503 1489 555 malum,
1527 510 1608 544 tan-

45 564 172 603 tulum
199 569 329 602 tamen
365 575 470 615 esse,
502 568 546 601 ut
578 575 596 601 a
630 564 772 602 virtute
799 564 850 601 ita
878 562 1086 614 obruatur,
1118 568 1162 601 ut
1191 574 1383 613 nusquam
1412 562 1609 614 adpareat.

48 622 156 668 Quae
184 622 394 673 meditare,
427 633 591 673 quaeso,
622 621 705 659 dies
737 627 775 659 et
808 627 955 666 noctes.
1018 620 1152 659 Latius
1179 622 1283 659 enim
1316 621 1488 660 manabit
1514 622 1609 660 haec

47 682 146 720 ratio
186 686 223 719 et
256 680 453 731 aliquanto
485 681 671 718 maiorem
704 680 834 718 locum
867 692 982 730 quam
1021 679 1068 718 de
1107 692 1186 718 uno
1219 679 1352 717 dolore
1391 679 1609 731 occupabit.

52 738 149 778 Nam
194 741 228 778 si
272 739 400 777 omnia
445 739 650 789 fugiendae
696 738 952 789 turpitudinis
996 737 1347 789 adipiscendaeque
1394 738 1610 778 honestatis

54 809 169 837 causa
202 798 408 849 faciemus,
440 809 518 835 non
551 796 666 835 modo
694 796 872 835 stimulos
899 796 1063 848 doloris,
1096 796 1162 835 sed
1197 798 1311 835 etiam
1339 796 1499 835 fulmina
1533 798 1609 836 sor-

48 862 166 895 tunae
199 861 496 894 contemnamus
534 855 684 906 licebit,
721 856 954 906 praesertim
994 867 1082 893 cum
1121 861 1300 906 paratum
1340 856 1390 893 sit
1427 854 1521 894 illud
1561 868 1608 894 ex

43 914 229 954 hesterna
262 913 524 965 disputatione
558 914 793 965 perfugium.
855 913 906 953 Ut
938 915 1041 951 enim
1082 915 1114 952 si
1147 915 1210 952 cui
1242 915 1456 965 naviganti,
1496 926 1606 965 prae·
1624 927 1667 960 6⁷

49 972 171 1012 dones
202 975 239 1012 si
267 974 546 1024 insequantur,
585 972 682 1011 deus
721 974 787 1023 qui
821 972 963 1011 dixerit
997 969 1094 1010 ‘eice
1133 979 1171 1011 te
1210 974 1315 1024 navi3
1353 978 1510 1023 praesto
1550 978 1610 1011 est

47 1033 115 1082 qui
161 1032 346 1083 excipiat,
385 1030 444 1069 vel
483 1030 709 1082 delphinus,
749 1036 792 1070 ut
830 1032 1013 1069 Arionem
1052 1030 1384 1083 Methymnaeum,
1422 1030 1481 1068 vel
1520 1032 1611 1082 equi

44 1089 202 1141 Pelopis
243 1089 297 1128 illi
341 1089 546 1140 Neptunii,
589 1091 656 1140 qui
693 1102 771 1139 per
812 1091 944 1128 undas
985 1101 1135 1128 currus
1175 1101 1385 1139 suspensos
1426 1092 1612 1139 rapuisse

44 1147 253 1201 dicuntur,
299 1149 496 1198 excipient
540 1153 577 1186 te
624 1153 663 1186 et
708 1160 785 1199 quo
830 1147 924 1186 velis
974 1145 1205 1200 perferent',
1255 1159 1410 1186 omnem
1456 1150 1609 1187 omittat

38 1310 73 1352 6,
111 1310 152 1342 11
191 1308 320 1342 Avara
354 1310 386 1342 et
415 1307 639 1350 feneratoria
667 1306 790 1342 Gallo-

41 1365 123 1390 rum
149 1354 402 1399 philosophia,
441 1354 576 1389 alacris
614 1358 646 1389 et
682 1354 792 1396 fortis

45 1400 270 1436 Cimbrorum
295 1404 327 1435 et
354 1401 628 1444 Celtiberorum,
661 1402 725 1446 qui
749 1402 791 1436 in

41 1449 118 1483 acie
160 1448 297 1494 gaudio
343 1448 557 1483 exultabant
606 1452 790 1493 tamquam

10 1513 12 1519 =
40 1495 190 1540 yloriosi
221 1498 253 1529 et
290 1495 443 1537 feliciter
480 1496 558 1530 vita
595 1496 786 1538 excessuri,

9 1551 14 1589 3
42 1542 339 1577 lamentabantur
364 1543 406 1576 in
424 1543 564 1585 morbo,
590 1543 696 1587 quasi
714 1546 790 1577 tur-

37 1590 136 1634 piter
157 1593 188 1623 et
212 1589 466 1624 miserabiliter
480 1590 650 1633 perituri.
690 1589 789 1624 Aber

10 1663 11 1668 ,
41 1635 137 1671 nach
171 1635 244 1670 Cic.
282 1635 418 1680 klagen
457 1637 509 1670 sie
545 1636 665 1679 nicht,
703 1636 788 1670 weil

10 1671 11 1694 ³
41 1682 95 1718 sie
122 1682 194 1717 den
213 1681 292 1717 Tod
318 1682 384 1717 auf
406 1682 490 1717 dem
509 1682 788 1718 Krankenbette

43 1729 103 1764 ffir
123 1729 244 1763 ehrlos
269 1729 415 1772 halben,
444 1729 599 1764 sondern
626 1730 710 1764 weil
736 1729 787 1764 sie

45 1775 116 1811 den
132 1775 303 1811 Schmerz
317 1775 422 1811 nicht
435 1778 608 1821 ertragen
628 1776 786 1813 konnen.

91 1827 145 1858 66.
184 1825 249 1858 aut
287 1824 475 1867 opinione:
512 1823 585 1868 vgl.
617 1827 636 1865 ξ
665 1827 708 1858 63
746 1825 787 1858 in

11 1870 171 1915 >«vulqus
208 1870 458 1914 insipientium
504 1871 629 1915 opinio
672 1871 792 1906 valeat

41 1916 247 1952 honestatis.

15 1967 17 1970 ’
90 1974 165 1998 non
192 1974 262 1998 esse
286 1964 440 2006 malum,
467 1963 534 1998 wie
555 1964 615 1998 die
630 1964 788 2008 Stoiker,

41 2013 108 2046 aut
133 2031 177 2035 —
204 2011 386 2045 tantulum
407 2011 494 2053 cet.‚
520 2010 590 2045 wie
609 2011 668 2045 die
688 2011 787 2046 Peri-

15 2078 18 2083 ·
41 2057 229 2102 patetiker
253 2057 410 2092 lehrten.
462 2057 495 2092 S.
526 2060 585 2102 18,
611 2062 668 2094 42.

8 2131 12 2139 ,
89 2105 184 2139 illud
209 2115 252 2138 ex
276 2105 440 2139 hesterna
465 2105 534 2140 cet.
584 2105 668 2150 Vgl.
692 2106 708 2139 Ι
729 2109 785 2149 49,

8 2191 12 2198 ..
45 2154 129 2195 118,
160 2162 218 2186 wo
244 2150 308 2186 der
333 2151 412 2186 Tod
439 2155 570 2196 portus
602 2156 634 2186 et
661 2154 788 2196 perfu-

8 2230 13 2242 ‹
42 2199 141 2243 qium
161 2199 327 2242 genannt
345 2198 446 2233 wird.
489 2198 596 2233 Nach
616 2199 681 2234 der
700 2200 788 2234 stoi-

7 2248 12 2266 ἔ
45 2245 156 2280 schen
187 2245 306 2279 Lehte
337 2245 442 2279 hatte
477 2245 540 2279 der
565 2245 690 2281 Weise
723 2247 788 2281 das

43 2291 163 2326 Reoht
187 2291 263 2325 und
295 2292 353 2326 die
379 2291 530 2334 Pflioht,
562 2293 670 2327 unter
701 2293 788 2327 Um-

45 2338 201 2373 st'amden
250 2338 365 2372 durch
410 2338 641 2374 Selbstmord
688 2340 787 2375 seine

9 2383 374 2430 .T.Unabhangigkeit
407 2396 479 2420 von
517 2386 588 2421 den
620 2386 788 2421 ausseren

45 2430 191 2476 Dingen
223 2444 267 2466 zu
298 2432 438 2477 zeigen.
490 2432 534 2466 de
566 2433 625 2468 fin
653 2433 705 2467 III
734 2437 787 2478 18,

47 2481 91 2513 60
117 2479 169 2513 In
200 2489 269 2523 quo
301 2480 394 2513 enim
419 2479 534 2523 plura
564 2484 667 2523 sunt,
697 2492 789 2525 quae

46 2526 239 2560 secundum
264 2529 435 2560 naturam
460 2530 563 2569 sunt,
593 2527 704 2563 huius
734 2529 787 2571 of-

47 2571 167 2614 ficium
198 2575 248 2607 est
278 2573 319 2607 in
352 2574 428 2607 vita
452 2584 616 2616 manere;
651 2575 693 2609 in
718 2585 787 2620 quo

47 2621 165 2653 autem
189 2622 254 2654 aut
278 2623 364 2654 sunt
382 2620 497 2664 plura
515 2622 704 2656 contraria
722 2625 788 2656 aut

47 2664 124 2707 fore
153 2667 334 2709 videntur,
371 2667 480 2702 liuius
511 2668 671 2710 officium
696 2672 746 2703 est
770 2679 788 2703 e

45 2711 122 2746 vita
146 2713 316 2748 excedere.

97 2762 150 2794 67.
171 2761 373 2804 praedones
397 2761 431 2795 si
455 2762 523 2795 ins.
575 2761 672 2796 Zwei
697 2761 790 2797 Vor-

49 2803 216 2840 dersiitze
258 2805 328 2841 mit
364 2807 415 2850 si,
458 2818 531 2842 von
569 2808 687 2843 denen
726 2809 791 2843 der

49 2851 130 2885 eine
155 2851 194 2886 in
222 2862 394 2898 engerem
419 2853 528 2889 Verh
521 2855 673 2890 iltnisse
707 2867 788 2889 zum

118 2915 225 2942 Hssnuz
234 2935 242 2949 ,
260 2916 321 2943 Cic.
343 2918 467 2945 Tuscul.

865 1307 1093 1352 Hauptsatze
1133 1306 1232 1341 steht
1269 1307 1323 1341 als
1363 1307 1427 1342 der
1464 1308 1611 1351 andere,

865 1354 946 1388 sind
984 1354 1035 1388 im
1068 1353 1328 1388 Lateinischen
1363 1355 1468 1389 nicht:
1498 1367 1611 1400 unge-

863 1401 1060 1436 wohnlich.
1112 1401 1156 1435 de
1178 1400 1236 1436 off.
1258 1401 1310 1435 111
1331 1405 1362 1444 6,
1390 1405 1434 1436 30
1459 1402 1518 1436 sin
1544 1413 1609 1436 au-

862 1451 930 1482 tem
950 1449 982 1483 is
1001 1451 1041 1482 tu
1061 1448 1129 1492 sis,
1156 1449 1219 1493 qui
1246 1449 1397 1483 multam
1417 1449 1611 1483 utilitatem

862 1496 916 1529 rei
944 1495 1112 1539 publicae
1150 1499 1255 1539 atque
1286 1496 1469 1530 hominum
1500 1497 1610 1531 socie-

862 1543 950 1585 tati,
985 1543 1018 1576 εἰ
1048 1543 1089 1576 in
1120 1543 1197 1576 vita
1228 1553 1432 1585 remaneaS,
1465 1543 1609 1585 adferre

856 1591 994 1633 possis:
1017 1590 1050 1623 si
1069 1589 1157 1633 quid
1176 1589 1219 1623 ob
1239 1600 1315 1624 eam
1335 1600 1482 1624 causam
1503 1591 1609 1625 alteri

862 1636 1080 1678 detraxeris,
1106 1646 1180 1671 non
1201 1637 1249 1670 sit
1267 1637 1607 1680 reprehendendum.

861 1683 910 1716 ad
935 1682 1021 1718 fam.
1049 1684 1064 1717 I
1092 1686 1123 1725 9,
1152 1687 1194 1717 13
1228 1684 1262 1718 si
1286 1684 1486 1718 accusandi
1511 1686 1609 1726 sunt,

860 1730 893 1764 si
930 1731 994 1774 qm·
1024 1731 1308 1773 pertimuerunt,
1347 1730 1463 1774 mayz's
1501 1731 1609 1765 etiam

860 1777 1162 1821 reprehendendi,
1193 1778 1226 1812 si
1256 1778 1320 1822 qui
1344 1787 1379 1811 se
1411 1778 1532 1812 timere
1561 1778 1608 1812 si·

860 1824 1059 1860 mularunt.

911 1871 981 1905 eice
1006 1873 1038 1905 te
1062 1871 1160 1905 navi.
1210 1870 1284 1904 Der
1313 1869 1430 1905 blosse
1457 1870 1608 1906 Ablativ

862 1916 921 1951 bei
948 1918 1057 1952 eicere
1075 1916 1125 1951 ist
1145 1916 1281 1959 sesten,
1308 1917 1404 1952 doch
1426 1930 1452 1952 s.
1473 1930 1508 1962 p.
1529 1918 1607 1953 Mil.

862 1968 918 2007 32,
945 1967 989 1999 87
1021 1964 1151 1999 multos
1188 1965 1332 1999 sedibus
1369 1975 1411 2000 ac
1447 1965 1609 2007 fortunis

860 2012 1019 2046 eiecerat.
1070 2011 1165 2046 Phil.
1205 2011 1239 2044 II
1278 2014 1296 2053 ξ
1341 2014 1385 2045 45
1431 2014 1463 2046 te
1500 2015 1609 2056 pater

860 2058 969 2093 domu
993 2069 1060 2093 sua
1086 2059 1197 2093 eiecit.

907 2106 1099 2147 Arionem,
1131 2116 1158 2140 s
1191 2104 1324 2140 Herod.
1358 2105 1374 2139 I
1406 2105 1607 2140 23.Ge11.

861 2151 945 2186 XVI
973 2156 1026 2186 19.
1078 2151 1186 2186 Ovid
1213 2151 1310 2186 Fast.
1337 2152 1453 2187 1183.

910 2199 1065 2244 Pelopis.
1106 2198 1171 2231 Als
1185 2198 1319 2243 Pelops
1336 2210 1399 2232 um
1415 2199 1472 2233 die
1489 2199 1608 2234 Toch-

861 2247 918 2280 ter
937 2245 1001 2279 des
1023 2238 1209 2280 Onomaus
1227 2244 1479 2290 Hippodamia
1499 2246 1606 2281 fleite

861 2292 936 2326 und
964 2284 1150 2327 Onomaus
1182 2292 1295 2336 jeden
1321 2292 1446 2326 Freier
1475 2294 1608 2336 totete,

862 2339 932 2374 den
960 2350 998 2374 er
1017 2339 1067 2373 im
1082 2339 1318 2373 Wettfahren
1337 2338 1402 2373 bes
1388 2339 1439 2374 ie
1443 2341 1517 2384 g,te
1542 2321 1609 2374 bat}

860 2385 996 2431 Pelops
1023 2386 1093 2420 den
1120 2385 1304 2421 Poseidon
1329 2398 1390 2420 um
1417 2386 1607 2428 Beistand,

861 2433 936 2467 und
953 2398 1094 2468 pdieser
1130 2433 1204 2478 gab
1240 2432 1317 2467 ihm
1350 2433 1495 2488 Wagen
1532 2415 1608 2468 und

860 2480 984 2515 Rosse.
1033 2479 1419 2536 Pind.Olymp.186
1446 2478 1511 2515 τὸν
1538 2478 1607 2525 μὲν

860 2523 1030 2570 ἀγάλλων
1076 2524 1169 2567 θεὸς
1214 2525 1354 2561 ἔδωκεν
1393 2528 1529 2582 δίφρον
1567 2539 1606 2561 τε

860 2572 1016 2617 χρύσεον
1067 2574 1256 2617 πτεροῖσίν
1305 2570 1340 2608 τ’
1387 2570 1608 2618 ἀκάμαντας

859 2621 1006 2661 ι’ππους.

904 2679 972 2713 per
992 2667 1129 2702 undas:
1155 2667 1322 2702 Ribbeck
1344 2667 1411 2702 hat
1430 2668 1499 2702 den
1515 2668 1547 2701 V
1551 2678 1608 2702 ers

864 2725 903 2749 so
930 2715 1164 2760 hergestellt:
1203 2713 1376 2767 Rapiunt
1394 2725 1462 2758 per
1488 2714 1608 2748 undas

863 2772 994 2796 currus
1018 2771 1207 2805 suspensos
1232 2762 1329 2805 equi,
1354 2760 1429 2794 und
1455 2760 1608 2795 rechnel:

863 2809 927 2842 ihn
947 2808 1052 2843 Ram.
1068 2808 1178 2852 Trag
1199 2819 1234 2852 p
1253 2810 1322 2842 440
1343 2819 1387 2841 zu
1408 2807 1491 2841 dem
1513 2800 1608 2842 Ono-

863 2866 968 2890 maus
995 2855 1058 2889 des
1086 2855 1227 2889 Accius.

1254 2912 1322 2946 7²3*
