1790 3103
315 92 710 129 TUSCULANARUM
737 94 1132 130 DISPUTATIONUM
1162 96 1221 132 lV.
1250 102 1352 132 3—6.
1553 97 1608 138 :33

53 205 225 257 positum
259 203 393 242 redeat
425 205 567 255 oratio,
600 215 714 253 quam
747 202 854 241 brevi
890 209 1064 254 tempore
1100 211 1194 254 quot
1227 213 1264 244 ct
1297 209 1430 257 quanti
1458 211 1607 259 poetae,

55 263 120 314 qui
153 268 282 301 autem
321 267 497 300 oratores
536 261 789 300 exstiterunt!
833 261 942 300 sac-ilc
982 268 1025 300 ut
1063 262 1246 313 adpareat
1286 271 1441 304 nostros
1481 267 1608 304 omnia

53 322 250 371 consequi·
274 322 466 371 potuisse,
498 319 612 358 simul
646 326 688 358 ut
720 320 815 358 velle
849 321 1081 371 coepissent.

172 379 246 417 Sed
281 379 327 417 de
361 380 503 417 ceteris
542 378 681 416 studiis
718 378 792 416 alio
832 378 993 417 loco‘et
1032 378 1225 431 dicemus,
1265 381 1296 417 si
1337 393 1431 419 usu>=
1471 380 1642 434 suerit,3

53 443 92 477 et
123 449 238 488 saepe
271 437 449 475 diximus.

514 437 734 487 Sapientiae
761 437 933 475 studium
967 442 1078 475 vetus
1111 437 1148 475 id
1182 437 1339 488 quidem
1374 441 1410 476 in
1446 443 1603 492 nostris,

51 495 118 535 sed
152 501 281 534 tamen
315 501 402 534 ante
435 494 555 533 Laelii
587 500 751 533 aetatem
785 501 824 533 et
857 494 1052 546 Scipionis
1092 508 1167 533 uon
1210 498 1364 546 reperio
1405 510 1503 547 quos
1544 512 1606 549 ap-

51 553 196 606 pellare
224 555 370 605 possim
399 554 636 591 nominatim.
692 553 843 598 Quibus
870 553 1187 592 adulescentibus
1210 556 1384 593 Stoicum
1408 555 1605 606 Diogenen

51 618 90 652 et
133 612 408 651 Academicum
455 611 693 650 Carneadem
738 611 849 650 video
894 612 939 650 ad
987 619 1166 650 senatum
1212 613 1258 651 ab
1301 614 1608 653 Atheniensibus

52 672 192 710 missos
226 683 310 709 esse
343 670 506 721 legatos,
540 672 606 720 qui
639 682 727 708 cum
762 672 819 708 rei
851 670 1028 721 publicae
1061 671 1205 709 nullam
1239 684 1422 722 umquam
1456 680 1606 723 partem

52 731 272 781 attigissent
305 734 485 779 essetque
520 740 655 766 eorum
689 728 786 767 alter
813 728 1053 781 Cyrenaeus,
1087 729 1184 768 alter
1211 729 1463 782 Babylonius,
1497 744 1607 770 num-

52 800 167 838 quam
200 788 376 838 prosecto
410 787 553 825 scholis
587 794 719 825 essent
745 789 902 826 excitati
936 800 1062 838 neque
1097 788 1142 826 ad
1177 788 1270 827 illud
1305 801 1448 828 munus
1481 790 1607 842 electi,

49 847 126 885 nisi
174 847 213 884 in
264 845 497 896 quibusdam
548 845 792 896 principibus
844 846 1086 897 temporibus
1136 846 1211 884 illis
1262 847 1429 886 fuissent
1479 849 1605 887 studia

47 903 260 944 doctrinae.

323 903 398 949 Qui
431 916 519 942 cum
553 909 682 942 cetera
715 904 856 943 litteris
889 905 1136 956 mandarent,
1175 905 1238 943 alii
1270 907 1331 944 ius
1371 906 1501 958 civile,
1541 907 1603 945 alii

49 965 247 1002 orationes
285 974 392 1014 suas,
431 962 493 1000 alii
532 969 783 1002 monumenta
823 964 1031 1015 maiorum,
1071 963 1170 1001 hanc
1210 964 1487 1015 amplissimam
1526 978 1606 1004 om-

48 1023 156 1060 nium
190 1023 350 1073 artium,
389 1021 487 1059 bene
521 1020 673 1059 vivendi
713 1021 976 1074 disciplinam,
1016 1023 1089 1060 vita
1136 1024 1257 1073 magis
1303 1035 1418 1073 quam
1463 1024 1605 1063 litteris

48 1081 247 1131 persecuti
280 1085 382 1118 sunt.

445 1079 579 1130 ltaque
612 1079 715 1118 illius
748 1092 861 1119 verae
889 1080 1156 1131 elegantisque
1184 1081 1473 1135 philosophiae,
1506 1090 1641 1134 quaet}

48 1138 164 1178 ducta
197 1151 215 1176 a
244 1138 403 1177 Socrate
438 1139 476 1176 in
503 1137 775 1188 Peripateticis
803 1138 928 1177 adhuc
955 1141 1170 1190 permansit
1197 1146 1235 1177 et
1261 1140 1363 1178 idem
1392 1141 1465 1179 alio
1493 1141 1607 1180 modo

48 1196 269 1236 dicentibus
298 1196 458 1247 Stoicis,
485 1208 574 1234 cum
602 1197 822 1235 Academici
850 1209 986 1235 eorum
1014 1199 1301 1236 controversias
1329 1199 1609 1252 disceptarent,

47 1255 150 1294 nulla
189 1255 271 1293 fere
311 1260 403 1293 sunt
441 1260 507 1293 aut
542 1267 663 1303 pauca
697 1255 905 1293 admodum
939 1255 1074 1294 Latina
1107 1263 1359 1295 monumenta
1401 1260 1479 1297 sive
1521 1271 1608 1309 pro-

45 1320 134 1365 pter
172 1313 479 1364 magnitudinem
518 1325 651 1351 rerum
692 1316 1069 1365 occupationemque
1109 1315 1327 1367 hominum,
1369 1318 1448 1355 sive
1489 1319 1605 1355 etiam

47 1372 149 1423 quod
189 1373 369 1423 inperitis
408 1384 451 1410 ea
489 1371 647 1422 probari
685 1384 801 1423 posse
847 1385 922 1411 non
963 1372 1273 1412 arbitrabantur:
1321 1387 1408 1413 cum
1449 1377 1607 1414 iuterim

94 1535 212 1566 autem
261 1531 353 1566 wird
403 1531 463 1566 bei
506 1531 789 1577 Aufziihlungen

48 1578 152 1613 nicht
178 1578 295 1613 selten
327 1590 371 1612 zu
397 1578 480 1613 dem
507 1578 636 1613 Gliede
662 1578 789 1613 hinzu-

47 1625 196 1671 geffigt,
226 1625 290 1659 das
317 1624 516 1660 besonders
544 1625 790 1670 hervorgeho-

46 1672 119 1707 ben
150 1672 298 1707 werden
331 1671 411 1706 soll.
462 1672 493 1706 V
532 1676 595 1714 20,
635 1677 677 1707 57
718 1684 790 1717 qua

45 1719 317 1763 pulchritudine
342 1719 481 1761 urbem,
513 1719 645 1762 quibus
671 1723 789 1754 autem

46 1767 185 1810 opibus.
234 1777 270 1810 p.
291 1766 383 1800 Mur.
406 1769 460 1807 13,
484 1769 529 1800 29
555 1774 709 1810 maanus
734 1767 788 1801 di-

47 1814 151 1848 cendi
177 1813 296 1855 labor,
322 1823 456 1857 mayna
481 1823 554 1854 res,
580 1824 713 1859 mayna
734 1814 788 1849 ἀί-

45 1861 186 1906 fflatas,
209 1871 349 1895 summa
375 1863 494 1895 autem
519 1861 651 1904 qratia.

92 1918 186 1964 Kap.
214 1918 251 1953 3.
306 1918 446 1963 Quibus
489 1919 788 1962 adulescentibus,

44 1965 95 2000 im
120 1965 153 2000 J.
182 1969 266 2009 155,
292 1965 347 2000 als
375 1965 440 2000 der
461 1965 618 2010 jungere
643 1965 786 2001 Africa-

44 2023 113 2047 nus
140 2016 201 2057 30,
240 2012 365 2047 Lalius
402 2015 445 2047 38
477 2012 568 2047 Jahr
607 2013 661 2048 alt
700 2024 784 2048 war.

42 2059 139 2094 Einl.
165 2062 183 2102 ξ
211 2063 241 2094 6.

0 2129 1 2136 ¹
92 2117 253 2153 Stoicum
290 2117 497 2162 Dioqeuem.
547 2118 615 2152 Als
659 2118 792 2154 dritter

44 2175 120 2199 war
146 2164 211 2200 der
237 2163 524 2200 Gesandtschaft
553 2165 619 2199 der
644 2166 791 2210 Peripa-

43 2211 182 2247 tetiker
207 2211 394 2246 Kritolaus
429 2211 671 2255 beigegeben.
723 2212 791 2247 Die

43 2258 208 2293 Athener
241 2258 373 2292 hatten
415 2257 474 2293 die
507 2258 615 2293 stadt
647 2259 790 2304 Oropus

42 2305 268 2350 geph'indert
292 2305 369 2339 und
402 2316 528 2340 waren
561 2305 716 2340 deshalb
749 2318 791 2340 zu

47 2351 337 2387 Schadenersabz
370 2351 572 2387 verurteilt.
623 2352 691 2387 Die
723 2352 790 2387 Ge-

45 2399 201 2434 sanaten
234 2399 370 2434 sollten
403 2398 463 2433 die
489 2398 609 2434 Strafe
643 2400 807 2439 abwen->

45 2445 126 2480 den.
176 2438 277 2480 Uber
309 2445 521 2480 Karneades
555 2456 619 2480 aus
649 2445 788 2491 Cyrene

46 2503 73 2527 s.
100 2492 196 2527 Einl.
223 2495 242 2534 ἓ
271 2495 323 2527 19.

91 2551 182 2586 alter
201 2551 443 2596 Babylonius.
485 2551 563 2586 Den
584 2552 786 2587 Beinamen

45 2595 148 2632 hatte
174 2596 381 2642 Diogenes,
407 2598 493 2633 weil
518 2608 557 2633 er
576 2609 641 2633 a-us
663 2599 785 2634 Seleu—

46 2643 103 2678 cia
127 2645 317 2688 stammte,
344 2655 400 2686 wo
427 2644 568 2679 damals
589 2646 670 2681 eine
690 2646 785 2691 grie-

46 2689 195 2726 chische
217 2691 593 2736 Philosophenschule
617 2693 784 2728 bestand.

91 2749 166 2784 nisi
183 2750 225 2784 in
243 2750 459 2794 quibusdam
476 2761 533 2794 pr.
555 2751 624 2785 cet.
667 2751 711 2786 de
733 2762 782 2786 or.

45 2793 79 2828 ΙΙ
105 2799 160 2840 37,
187 2799 255 2831 154
280 2807 353 2831 non
378 2798 464 2832 tulit
482 2798 575 2832 ullos
593 2798 679 2833 haec
699 2799 783 2833 civi-

44 2843 102 2877 tas
126 2845 191 2877 aut
221 2844 339 2888 yloria
365 2844 535 2880 clariores
564 2865 603 2869 —
631 2848 696 2880 aut
720 2846 782 2880 hu-

862 1533 1038 1567 manitate
1059 1534 1248 1576 politiores
1276 1535 1319 1569 P.
1341 1536 1541 1578 Africano,
1571 1537 1608 1571 C.

862 1579 1008 1622 Laelio,
1042 1580 1085 1614 L.
1117 1581 1254 1624 Furio,
1291 1583 1353 1626 qui
1384 1593 1500 1617 secum
1532 1595 1610 1618 eru-

862 1626 1058 1661 ditissimos
1089 1628 1248 1663 homines
1281 1640 1323 1663 ea:
1355 1629 1511 1664 Graecia
1540 1642 1610 1674 pa—

863 1673 934 1707 lam
959 1684 1094 1717 semper
1125 1675 1339 1711 habuerunt.
1391 1678 1510 1721 Atque
1548 1688 1609 1721 eyo

861 1719 926 1754 hoe
951 1731 994 1755 eoe
1022 1722 1099 1755 istis
1124 1732 1227 1766 saepe
1260 1724 1405 1765 audivi,
1439 1734 1518 1758 cum
1552 1725 1608 1758 (li-

862 1771 979 1801 cerent
999 1772 1211 1812 peryratum
1227 1770 1461 1805 Athenienses
1487 1775 1518 1805 et
1538 1772 1612 1806 sibi

864 1814 988 1855 fecisse
1013 1818 1045 1849 et
1070 1816 1192 1850 multis
1215 1818 1450 1861 principibus
1483 1819 1610 1853 civita-

862 1861 928 1903 tis,
967 1863 1078 1905 quod,
1106 1873 1184 1897 cum
1212 1864 1260 1898 ad
1285 1868 1448 1899 senatum
1478 1865 1611 1909 Ieyatos

862 1908 904 1941 de
946 1909 1024 1943 suis
1067 1911 1238 1944 maximis
1278 1912 1381 1946 rebus
1419 1912 1610 1955 mitterent,

861 1957 932 1989 tres
957 1955 1058 1990 illius
1078 1958 1208 1991 aetatis
1234 1958 1477 1993 nobilissimos
1491 1960 1609 2003 philo-

860 2002 987 2045 sophos
1013 2003 1201 2038 misissent.
1253 2004 1286 2039 S.
1314 2005 1409 2050 Ejnl.
1437 2009 1456 2047 ἓ
1484 2010 1515 2040 6.

907 2049 964 2083 ius
995 2050 1115 2092 civile,
1153 2050 1221 2085 wie
1260 2052 1295 2086 S.
1333 2052 1438 2087 Alius
1477 2051 1600 2095 Catus,

865 2095 1010 2140 Appius
1054 2097 1170 2132 Cacus
1215 2110 1248 2132 u.
1294 2099 1439 2133 andere.
1509 2100 1608 2139 Brut,

866 2145 927 2185 20,
957 2147 1010 2178 78.

913 2191 1094 2225 orationes
1118 2202 1204 2226 suas
1226 2212 1266 2216 -—
1294 2197 1542 2236 monumenta,
1569 2205 1609 2229 so

865 2237 1094 2273 namentlich
1115 2237 1206 2273 Cato
1231 2238 1269 2273 in
1291 2240 1418 2274 seinen
1439 2239 1610 2285 Origines

865 2282 940 2316 und
978 2284 1043 2318 der
1069 2283 1286 2330 Sammlung
1326 2287 1445 2321 seiner
1471 2287 1610 2322 Staats-

865 2329 995 2373 reden;
1016 2331 1105 2365 aber
1120 2332 1215 2366 auch
1231 2332 1296 2367 der
1311 2333 1405 2368 oben
1421 2334 1608 2368 erwiihnte

863 2375 1006 2421 Appius
1046 2377 1161 2413 Cacus
1199 2379 1304 2414 hatte
1345 2380 1445 2415 seine
1483 2382 1609 2416 Reden

862 2425 1093 2467 gesammelt.
1145 2426 1190 2460 de
1217 2437 1290 2461 sen.
1321 2431 1358 2470 6,
1388 2432 1441 2462 16.

911 2475 941 2505 6,
970 2475 1001 2506 et
1026 2473 1118 2507 idem
1146 2474 1220 2508 alio
1245 2475 1348 2509 modo
1376 2476 1463 2517 cet„
1491 2475 1608 2519 vergi,

861 2516 957 2552 Einl.
987 2522 1005 2560 ξ
1033 2523 1088 2554 20.

908 2566 1142 2609 Academici,
1186 2568 1349 2602 n‘amlich
1382 2567 1440 2602 die
1475 2578 1608 2603 neuere

859 2611 1082 2657 Akademie,
1110 2613 1168 2648 die
1184 2614 1254 2649 seit
1267 2615 1481 2649 Karneades
1500 2614 1606 2658 skep-

858 2657 956 2693 tisch
996 2671 1088 2703 war,
1132 2660 1220 2695 aber
1260 2674 1302 2695 zu
1342 2660 1486 2696 Ciceros
1527 2661 1607 2695 Zeit

858 2705 953 2739 nach
980 2706 1065 2741 dem
1091 2707 1290 2752 Vorgange
1327 2708 1391 2742 des
1417 2707 1527 2741 Philo
1556 2707 1604 2750 (ΙΙ

858 2755 890 2795 3,
918 2755 953 2796 9)
990 2753 1065 2787 und
1104 2754 1308 2789 Antiochus
1351 2754 1416 2797 (III
1449 2757 1510 2795 25,
1544 2757 1603 2797 59)

857 2799 1037 2835 zwischen
1068 2800 1364 2844 Peripatetikern
1398 2800 1473 2834 und
1507 2799 1604 2835 Stoi-

856 2844 946 2880 kern
974 2858 1016 2881 zu
1042 2847 1256 2882 vermitteln
1283 2847 1423 2881 suchte.
