1817 3103
194 99 250 140 88
714 100 762 135 Μ.
790 99 950 135 TULLII
977 100 1231 136 CICERONIS
1274 152 1277 154 q

195 208 410 248 Corinthiis
448 210 526 248 tuis
563 211 758 262 amiseris,
802 222 917 261 posse
961 210 1104 249 habere
1143 216 1180 249 te
1220 210 1409 262 reliquam
1442 211 1750 262 suppellectilem

198 268 359 307 salvam:
397 269 582 307 virtutem
622 274 750 307 autem
791 270 823 306 si
862 281 977 306 unam
1018 270 1213 320 amiseris,
1252 271 1325 307 etsi
1358 270 1482 307 amitti
1514 282 1591 307 non
1623 275 1754 321 potest

196 328 339 379 virtus,
374 327 441 365 sed
476 329 507 365 si
540 339 656 365 unam
690 327 895 366 consessus
929 328 1006 365 eris
1039 333 1076 365 te
1110 339 1186 365 non
1219 326 1380 380 habere,
1420 327 1563 366 nullam
1596 340 1682 367 esse
1712 334 1755 367 te-

140 393 185 423 33
200 383 456 424 habiturum?
518 385 619 424 Num
659 387 777 435 igitur
817 386 959 424 fortem
997 386 1142 437 virum,
1185 397 1278 424 num
1316 397 1455 437 magno
1494 387 1621 425 animo
1661 398 1755 426 num

200 445 414 496 patientem
453 456 547 482 uum
586 456 761 495 gravem,
801 456 893 482 num
932 443 1447 483 humana·contemnentem
1481 450 1592 495 potes
1624 444 1755 483 dicere

200 510 267 542 aut
298 502 555 541 Philoctetam
587 502 695 540 illum
724 500 809 541 —‘?
841 515 859 541 a
894 508 930 541 te
959 504 1062 541 enim
1091 502 1189 540 malo
1217 502 1431 555 discedere,
1465 502 1531 541 sed
1559 503 1621 541 ille
1647 509 1755 542 certe

198 573 276 600 non
310 562 435 613 fortis,
467 562 535 612 qui
566 562 667 599 iacet

1057 622 1097 658 iiz
1130 625 1236 659 tecla
1270 619 1414 667 zinzido,

486 680 594 727 quod
625 678 788 725 eiulatu,
821 678 972 726 questu,
1001 681 1163 726 orevilla,
1192 678 1432 727 fremitibus,

486 735 715 776 resonando
747 742 895 775 mulum
924 737 1069 785 flebilis
1102 736 1216 776 voce's
1248 736 1387 785 refers.

203 819 290 858 Non
323 831 394 870 ego
427 818 602 857 dolorem
636 819 810 857 dolorem
844 831 929 857 esse
964 832 1080 871 nego,
1117 841 1164 845 ——
1202 832 1273 858 cur
1305 821 1408 858 enim
1441 819 1629 858 fortitudo
1663 819 1765 858 desi-

205 875 442 917 deraretur?
475 900 529 904 -—
564 878 631 916 sed
665 890 755 916 eum
788 879 956 929 opprimi
989 878 1074 916 dico
1108 880 1305 930 patientia,
1338 880 1369 916 si
1403 878 1517 916 modo
1551 884 1610 916 est
1637 878 1767 929 aliqua
1809 894 1812 902 *

207 938 412 989 patientia:
446 938 478 974 si
511 935 614 974 nulla
649 943 720 987 est,
753 936 845 986 quid
879 948 1113 974 exornamus
1146 936 1429 986 philosophiam
1462 942 1529 975 aut
1561 936 1653 987 quid
1681 938 1769 975 eius

208 997 365 1034 nomine
400 994 559 1045 gloriosi
593 992 757 1033 sumus?
789 994 933 1044 Pungit
965 994 1087 1045 dolor,
1119 994 1179 1032 vel
1206 994 1326 1032 fodiat
1353 1006 1462 1033 sane:
1495 996 1528 1032 si
1555 994 1684 1033 nudus
1713 1007 1767 1047 eS,

205 1055 253 1092 da
285 1053 482 1104 iugulum3
522 1054 581 1091 sin
615 1059 743 1091 tectus
777 1052 970 1091 Volcaniis
1002 1054 1138 1103 armis,
1171 1052 1209 1090 id
1243 1059 1302 1090 est
1334 1052 1576 1104 fortitudine,
1608 1054 1770 1105 resiste3

208 1113 303 1150 haec
337 1113 440 1150 enim
475 1116 524 1162 te,
558 1113 632 1150 nisi
666 1113 717 1150 ita
751 1112 881 1162 facies,
914 1116 1047 1149 custos
1080 1111 1279 1161 dignitatis
1311 1111 1508 1162 relinquet
1536 1117 1575 1149 et
1600 1111 1770 1150 deseret.

151 1180 196 1210 34
213 1170 373 1210 Cretum
413 1169 571 1220 quidem
610 1170 733 1222 leges,
778 1182 874 1221 quas
912 1172 994 1208 sire
1033 1170 1216 1218 Iuppiter
1254 1171 1333 1207 sive
1372 1169 1501 1218 Minos,
1537 1171 1682 1221 sanxit,
1721 1170 1769 1208 de

209 1230 310 1268 lovis
338 1228 497 1280 quidem
524 1231 729 1281 sententia,
763 1236 805 1267 ut
831 1232 967 1279 poetae
996 1228 1139 1279 serunt,
1171 1229 1342 1278 itemque
1369 1227 1537 1279 Lycurgi
1564 1228 1771 1267 laboribus

207 1288 394 1327 erudiunt
420 1289 676 1340 iuventutem,
710 1287 886 1326 venando
914 1286 1123 1337 currendO,
1157 1286 1366 1325 esuriendo
1395 1286 1574 1339 sitiendo,
1607 1286 1771 1337 algendo
1816 1330 1817 1341 γ

207 1346 432 1386 aestuando.
497 1346 658 1398 Spartae
692 1359 784 1384 vero
818 1347 931 1397 pueri
964 1346 1008 1384 ad
1038 1357 1143 1383 aram
1171 1346 1225 1383 sic
1254 1344 1484 1384 verberibus
1511 1346 1773 1398 accipiuntur,
1816 1351 1817 1371 ἢ

211 1494 344 1540 ἔχοντα
375 1492 497 1534 πάσας
534 1493 642 1538 ἔχειν.
696 1499 761 1528 127
790 1494 853 1528 καὶ
880 1492 952 1537 μὴν

208 1542 278 1586 τὴν
299 1539 437 1586 ἀρετὴν
460 1562 502 1566 -
524 1539 724 1584 Κλεάνθης
747 1562 787 1566 ——
810 1538 952 1575 ἀναπό-

233 1592 353 1633 λητον.

210 1591 231 1635 β
259 1637 441 1678 confessus
465 1636 545 1669 eris.
592 1635 712 1668 Wenn
737 1633 796 1668 ein
817 1633 953 1668 Kondi-

210 1683 409 1718 tionalsatz
435 1682 505 1716 mii]
530 1682 613 1715 dem
640 1682 819 1715 Futurum
849 1692 955 1715 exac-

210 1733 289 1764 tum
315 1729 353 1763 in
382 1729 440 1764 die
468 1729 586 1763 oratio
617 1728 767 1772 obliqua
793 1738 955 1762 vei-wan-

211 1777 291 1811 dele
324 1777 401 1810 und
436 1787 508 1810 von
545 1775 665 1810 einem
702 1776 858 1809 Priisens
894 1776 956 1808 ab·

212 1823 354 1868 h'aingig
386 1823 494 1866 wird,
527 1822 646 1856 bleibt
676 1822 713 1856 in
745 1822 810 1856 der
842 1821 959 1866 Regel

213 1871 278 1904 das
317 1870 398 1904 Fut.
440 1870 555 1904 exact.
594 1869 853 1904 unverandert.
912 1868 959 1903 ad

209 1916 299 1951 sam.
328 1916 378 1951 ΙΙΙ
407 1921 445 1959 2,
473 1920 492 1950 2
529 1916 610 1950 Hoc
644 1917 747 1950 velim
782 1916 849 1949 tibi
878 1926 959 1959 per-

213 1964 387 2006 suadeas,
423 1964 455 1998 si
486 1963 692 1997 rationibus
724 1963 809 1996 meis
836 1963 959 2006 provi-

213 2022 293 2046 sum
326 2022 349 2045 a
375 2015 406 2045 te
432 2020 502 2045 esse
532 2011 757 2051 intelleoeero,
792 2020 961 2054 inaquam

215 2062 247 2092 te
273 2078 315 2082 —
344 2058 563 2102 voluptatem
588 2067 658 2091 esse
683 2060 885 2100 capturum.
913 2055 960 2090 ad.

215 2105 302 2139 fam.
330 2105 363 2138 II
392 2108 423 2148 6,
450 2108 469 2138 5
514 2103 633 2138 Urium
658 2104 722 2138 hoc
746 2105 798 2138 sic
822 2103 960 2144 habeto,

214 2153 247 2187 si
287 2164 310 2186 a
346 2155 379 2186 te
415 2152 510 2186 hanc
546 2162 619 2186 rem
657 2152 871 2194 impetrare,
908 2160 961 2184 me

212 2210 331 2243 paene
354 2199 442 2243 plus
467 2198 534 2232 tibi
561 2219 603 2222 -
632 2198 847 2231 debiturum.

265 2250 321 2279 33.
349 2257 370 2280 a
396 2248 448 2286 te;
475 2246 564 2279 statt
584 2245 679 2279 nach
700 2248 764 2279 aut
784 2244 852 2277 Ph..
874 2243 960 2278 fort-

217 2292 392 2326 zufahren
425 2296 489 2326 aut
522 2295 571 2334 te,
609 2291 854 2325 unterdriickt
887 2289 960 2324 Cic.

219 2340 285 2374 das
324 2338 451 2373 zweite
491 2338 599 2372 Glied
637 2338 711 2372 und
749 2337 853 2382 giebb
890 2337 961 2371 den

219 2385 347 2420 Grund.
382 2397 447 2428 an,
484 2385 648 2420 weshalb
676 2396 714 2419 er
740 2386 804 2419 das
833 2384 962 2418 zweite

218 2433 323 2467 nicht
349 2432 529 2467 erw'ahne.
579 2444 613 2476 p.
642 2432 783 2466 Cluent.
811 2435 867 2474 45,
897 2434 962 2465 127

220 2484 284 2515 aut
304 2480 398 2514 illud
417 2480 586 2522 affer-aut,
607 2479 748 2522 aliquid
767 2489 849 2520 sese,
869 2478 964 2521 quod

220 2528 263 2561 de
287 2527 343 2561 his
363 2527 503 2561 duobus
525 2526 719 2560 habuerint
738 2528 965 2569 compertum,

220 2575 263 2608 de
301 2574 423 2608 ceteris
460 2573 677 2617 comperisse.
735 2573 833 2606 Nam
871 2572 966 2606 illud

220 2621 362 2665 quidem
393 2621 539 2654 minime
564 2620 798 2663 probamlum
830 2622 896 2661 est,
923 2638 967 2643 —

222 2667 419 2711 exemplum
446 2667 527 2701 illos
554 2677 570 2700 e
596 2667 851 2700 cousuetudine
873 2666 968 2699 mili-

222 2715 297 2748 tari
323 2714 567 2755 transtulisse,
603 2724 658 2747 wo
687 2712 758 2747 Cic.
787 2712 967 2746 ebenfalls

223 2761 429 2796 fortfahren
473 2760 598 2795 wollte
650 2763 716 2794 aut
766 2760 891 2794 dicarit
934 2769 968 2793 se

223 2809 421 2852 exemplum
448 2828 493 2833 —
519 2808 758 2842 transtulisse.

271 2856 312 2889 iri
350 2858 437 2890 tecto
474 2855 616 2897 umido,
656 2865 721 2888 aus
760 2854 844 2888 dem
882 2852 967 2886 Phi-

1025 1493 1147 1527 lokteta
1177 1492 1241 1526 des
1273 1492 1406 1526 Accius
1439 1504 1465 1527 s.
1494 1496 1525 1535 7,
1556 1496 1609 1537 19,
1636 1493 1681 1527 de
1710 1492 1773 1527 fin.

1075 1589 1213 1620 mutum
1233 1586 1282 1620 ist
1302 1585 1366 1620 des
1381 1586 1629 1630 Gcgensa‘tzes
1644 1597 1774 1630 wegen

1028 1633 1283 1677 hinzugeftigb.
1324 1632 1465 1667 ‘Selbst
1485 1634 1622 1667 stumm
1645 1653 1684 1658 -
1709 1633 1774 1667 wi-

1029 1680 1222 1714 derhallen
1249 1679 1365 1714 lasst'.

1079 1726 1152 1761 Cur
1166 1727 1260 1761 enim
1277 1728 1345 1761 cet.
1368 1726 1434 1761 Die
1451 1726 1777 1771 Standhaftigkeit

1031 1773 1081 1808 im
1121 1773 1302 1817 Ertragen
1340 1777 1436 1808 wiire
1476 1773 1597 1807 nichts
1635 1773 1773 1807 Riihm·

1031 1821 1164 1864 liches,
1207 1831 1312 1854 wenn
1351 1820 1415 1854 der
1453 1819 1624 1854 Schmerz
1663 1821 1776 1855 etwas

1032 1879 1126 1912 ganz
1152 1867 1437 1912 gleichgtiltiges
1464 1870 1571 1901 ware.

1072 1925 1305 1949 exornamus.
1359 1913 1392 1948 S.
1420 1926 1463 1948 zu
1489 1914 1504 1947 I
1529 1917 1585 1957 47,
1615 1917 1692 1948 112.

1081 1962 1157 1995 eius
1182 1962 1325 1995 nomine
1349 1961 1437 2005 qlor.
1473 1960 1507 1996 d.
1526 1960 1550 1995 i.
1577 1972 1618 1995 ea
1641 1961 1776 2005 yloria-

1035 2019 1126 2042 mur.

1080 2055 1132 2089 vel
1152 2055 1283 2097 fodiat,
1298 2054 1386 2089 oder
1399 2054 1669 2099 meinetwegen
1683 2054 1778 2088 auch

1033 2101 1190 2136 wiihlen.
1235 2101 1408 2135 vez'steht
1427 2101 1522 2135 auch
1542 2101 1637 2136 ohne
1652 2102 1780 2145 potius

1034 2148 1141 2183 einen
1158 2148 1352 2182 Ausdiuck
1378 2159 1420 2181 zu
1448 2147 1665 2182 verbessern
1692 2147 1781 2182 oder

1033 2207 1075 2229 zu
1114 2195 1340 2229 versii'zrken.
1393 2194 1437 2228 de
1476 2194 1534 2228 fin.
1572 2193 1622 2227 IV
1656 2198 1693 2237 5,
1737 2197 1779 2229 13

1036 2243 1165 2277 Pauca
1203 2245 1337 2283 mutat,
1374 2242 1429 2276 vel
1459 2242 1575 2286 plura
1607 2252 1704 2276 sane.
1732 2261 1776 2266 --

1034 2289 1117 2333 Vgl.
1133 2289 1322 2323 momordit
1346 2309 1385 2313 —
1403 2289 1566 2332 pupugit
1584 2287 1634 2322 111
1649 2292 1705 2331 34,
1721 2291 1778 2322 82.

1083 2337 1132 2370 da
1170 2336 1352 2379 iuyulum,
1388 2335 1458 2369 wie
1497 2335 1555 2369 ein
1592 2334 1780 2379 besiegter

1037 2382 1246 2423 Gladiator,
1291 2382 1355 2416 der
1399 2382 1499 2416 seine
1538 2381 1655 2416 Kehle
1693 2381 1779 2416 dem

1036 2428 1272 2464 Todess‘tosse
1303 2428 1495 2463 darbietet.

1085 2480 1140 2511 34.
1167 2478 1239 2511 sive
1261 2476 1440 2520 Iuppiter.
1476 2475 1596 2509 Minos
1617 2474 1688 2509 soll
1706 2485 1781 2509 von

1039 2524 1129 2557 Zeus
1156 2523 1272 2557 selbst
1298 2524 1357 2556 die
1378 2521 1531 2557 Gesetze
1558 2521 1781 2566 empfangen

1038 2571 1113 2604 und
1146 2570 1224 2604 sich
1258 2569 1330 2604 alle
1363 2581 1457 2603 neun
1484 2568 1597 2603 Jahre
1631 2579 1674 2602 zu
1701 2567 1781 2602 ihm

1040 2617 1078 2651 in
1105 2617 1185 2651 eine
1213 2615 1341 2650 Grotte
1368 2615 1533 2660 begeben
1559 2615 1681 2649 haben
1705 2614 1782 2648 und

1041 2665 1125 2698 dort
1157 2663 1193 2697 in
1227 2664 1290 2697 der
1321 2662 1505 2696 Weisheit
1535 2661 1782 2696 unterrichtet

1041 2710 1130 2746 sein.
1181 2710 1229 2743 Er
1254 2709 1366 2744 heisst
1384 2708 1538 2743 deshalb
1560 2707 1625 2742 Od.
1644 2712 1697 2752 19,
1715 2711 1780 2742 179

1041 2756 1133 2796 Διὸς
1159 2754 1321 2801 μεγάλου
1348 2752 1533 2800 ὀαριστής.

1088 2804 1243 2848 Spartae
1274 2804 1394 2847 pueri.
1446 2801 1513 2836 Die
1545 2813 1667 2846 sogen.
1702 2801 1782 2835 δια-

1041 2851 1263 2895 μαστίγωσις
1275 2850 1364 2884 fand
1378 2848 1590 2894 alljahrlich
1606 2859 1666 2882 am
1676 2846 1784 2882 Altar
