1790 3103
95 154 147 194 18

102 206 146 235 41

103 470 147 500 42

93 1020 147 1060 19

102 1071 147 1102 43

166 60 220 101 72
683 61 731 95 Μ.
759 61 919 96 TULLII
947 60 1200 97 CICERONIS

163 182 241 208 non
275 170 689 216 511511116161111κο111
729 171 886 210 modum
924 173 1044 222 igitur
1076 172 1168 209 vitio
1208 172 1361 220 quaerit
1399 171 1577 210 similiter
1616 173 1721 226 facit,

163 234 207 267 ut
239 230 271 267 si
303 240 418 279 posse
451 234 563 280 putet
596 242 697 281 eum,
730 231 797 280 qui
831 242 871 268 se
905 243 925 268 e
958 229 1127 268 Leucata
1161 230 1488 281 praecipitaverit,
1521 232 1717 271 sustinere

164 299 218 338 se,
251 299 339 325 cum
372 287 474 326 velit.

163 346 349 384 incitatus
382 358 454 384 nec
481 346 665 385 cohibere
694 359 734 385 se
762 353 892 397 potest
918 359 989 384 nec
1018 358 1094 396 quo
1121 346 1206 384 loco
1234 346 1312 384 volt
1338 348 1533 385 insistere.
1587 347 1718 386 Omni-

164 416 305 455 noque,
326 416 424 454 quae
453 407 669 443 crescentia
697 406 916 456 perniclosa
944 410 1046 455 sunt,
1071 405 1205 442 eadem
1233 411 1324 442 sunt
1350 406 1484 443 vitiosa
1512 407 1721 445 nascentia.

158 462 377 514 ,Aegritudo
406 469 536 502 autem
563 470 794 513 ceteraeque
823 463 1151 514 perturbationes,
1179 463 1430 514 amplificatae
1459 470 1577 515 certe,
1603 465 1721 515 pesti·
1764 475 1767 478 ·

163 521 268 559 ferae
303 527 411 560 sunt:
450 523 570 572 igitur
610 524 724 560 ctiam
759 527 963 572 susceptae
999 523 1183 559 continuo
1216 523 1255 559 in
1290 533 1426 572 magna
1458 524 1580 572 pestis
1612 528 1721 573 parte

164 585 380 618 versantur.
444 580 598 618 Etenim
632 582 737 630 ipsae
771 592 811 618 se
845 579 1049 631 inpellunt,
1088 579 1155 618 ubi
1189 580 1309 618 semel
1341 592 1361 618 a
1394 582 1543 619 ratione
1577 580 1721 620 disces·

163 650 251 676 sum
284 645 361 689 est,
399 640 560 689 ipsaque
601 638 675 676 sibi
707 638 940 676 inbecillitas
980 638 1156 689 indulget
1188 640 1225 676 in
1260 638 1459 689 altumque
1493 639 1722 690 provehitur

162 696 379 747 inprudens
425 708 497 734 nec
542 698 690 748 reperit
734 697 861 735 locum
908 697 1159 736 consistendi.
1232 697 1356 742 Quam
1402 697 1450 735 ob
1500 709 1583 736 rem
1628 697 1723 736 nihil

162 756 328 793 interest
368 762 500 793 utrum
540 755 760 794 moderatas
798 755 1116 806 perturbationes
1150 755 1368 806 adprobent
1401 768 1448 794 an
1482 756 1722 795 moderatam

162 814 412 865 iniustitiam,
446 814 685 853 moderatam
718 816 926 866 ignaviam,
960 814 1198 853 moderatam
1231 816 1583 865 intemperantiam.

161 990 401 1040 incitataque
429 989 549 1027 semel
575 989 737 1040 proclivi
765 989 950 1028 labuntur
978 991 1242 1040 sustinerique
1271 989 1376 1028 nullo
1404 990 1517 1028 modo
1544 996 1723 1040 possunt.

283 1045 414 1092 Quid?
455 1047 556 1098 quod
592 1048 694 1086 idem
726 1048 979 1099 Peripatetici
1017 1047 1334 1098 perturbationes
1366 1049 1478 1100 istas,
1518 1060 1614 1099 quas
1653 1060 1724 1087 nos
1784 1075 1787 1080 -

712 1118 790 1144 non
824 1106 938 1145 niodo
973 1106 1169 1145 naturales
1203 1119 1287 1144 6556
1321 1106 1474 1159 dicunt,
1507 1107 1574 1145 sed
1608 1109 1725 1146 etiam-
1780 1112 1784 1113 ⁷

163 1106 435 1157 exstirpandas
467 1112 669 1158 putamus,

163 1164 314 1202 utiliter
346 1176 365 1202 a
398 1170 536 1203 natura
569 1165 688 1204 datas.
753 1165 931 1210 Quorum
972 1171 1032 1203 est
1063 1165 1150 1203 talis
1183 1166 1318 1203 oratio.
1380 1165 1555 1204 Primum
1590 1166 1726 1204 multis

163 1222 293 1261 verbis
332 1223 574 1262 iracundiam
615 1223 789 1263 laudant:
832 1230 959 1262 cotem
999 1224 1239 1262 fortitudinis
1273 1236 1358 1262 esse
1392 1223 1546 1276 dicunt,
1584 1224 1724 1263 multo-

164 1294 240 1332 que
280 1287 318 1320 et
356 1284 395 1320 in
434 1282 587 1321 hostem
627 1289 666 1321 et
703 1285 741 1321 in
782 1282 992 1334 inprobum
1031 1284 1154 1321 civem
1188 1282 1501 1321 vehementiores
1533 1284 1725 1322 iratorum

162 1341 321 1391 inpetus
360 1353 465 1392 esse,
504 1340 608 1379 leves
648 1348 777 1379 autem
819 1341 1058 1380 ratiunculas
1097 1353 1254 1392 eorum,
1295 1343 1361 1392 qui
1399 1343 1450 1379 ita
1490 1343 1725 1392 cogitarent:

164 1396 373 1449 ‘proelium
408 1404 561 1438 rectum
595 1406 654 1438 est
686 1400 758 1438 1106
792 1400 888 1452 fieri,
921 1402 1102 1438 convenit
1134 1400 1319 1438 dimicare
1353 1412 1424 1451 pro
1457 1399 1621 1452 legibus,
1653 1412 1728 1451 pro

162 1457 356 1510 libertate,
388 1470 459 1509 pro
494 1455 647 1509 patria.’
711 1458 814 1497 Haec
847 1459 991 1497 nullam
1031 1458 1175 1497 habent
1207 1460 1283 1496 vini
1320 1460 1394 1497 nisi
1426 1460 1483 1497 ira
1517 1459 1726 1497 excanduit

164 1516 368 1555 fortitudo.
431 1516 511 1555 Nee
544 1529 636 1555 vero
670 1517 717 1555 de
744 1517 998 1556 bellatoribus
1025 1517 1149 1556 solum
1178 1517 1396 1568 disputant3
1428 1518 1591 1568 imperia
1617 1529 1724 1556 seve-

163 1576 267 1613 riora
301 1574 405 1613 nulla
438 1587 524 1614 6556
558 1582 698 1626 putant
730 1577 813 1614 sine
847 1576 974 1627 aliqua
1007 1575 1219 1614 acerbitate
1254 1576 1495 1626 iracundiae3
1528 1582 1725 1614 oratorem

162 1633 332 1684 denique
372 1646 449 1672 non
489 1634 604 1672 modo
644 1640 910 1687 accusantem⁷
949 1635 1016 1674 sed
1055 1647 1102 1673 ne
1137 1634 1412 1673 defendentem
1445 1634 1603 1686 quidem
1635 1647 1724 1686 pro-

211 1781 304 1826 Kap.
321 1781 383 1817 18.
411 1786 466 1816 41.
493 1782 668 1826 Leuce—cta,
690 1782 785 1827 jetzt
806 1782 906 1827 Capo

162 1827 324 1870 Dueato,
369 1828 434 1863 das
473 1828 638 1863 siidliche
678 1829 907 1874 Vorgebirge

163 1875 228 1909 der
238 1874 335 1910 111561
346 1875 491 1910 Leukas
510 1875 826 1911 beiAkarnanien.
858 1877 907 1910 Es

162 1933 239 1955 war
266 1923 437 1957 beriihmt
473 1923 589 1957 durch
621 1923 727 1958 einen
753 1924 908 1968 Tempel

162 1969 226 2003 des
252 1969 398 2013 Apollo.
450 1969 598 2014 Sappho
631 1970 699 2004 5011
731 1970 809 2004 sich
844 1971 908 2005 der

165 2015 259 2060 Sage
292 2017 387 2050 nach
420 2028 493 2051 von
524 2017 609 2051 dort
639 2018 677 2051 in
709 2018 774 2052 das
808 2017 908 2051 Meer

160 2062 444 2107 herabgestiirzl:
477 2064 609 2098 haben.
662 2064 745 2108 Vgl.
773 2068 835 2107 34,
864 2068 906 2098 72

159 2108 359 2144 Leucadia.

208 2172 265 2202 42.
302 2169 342 2202 in
376 2180 510 2213 mamea
546 2170 659 2213 pestis
691 2173 798 2213 parte
832 2180 906 2203 ver-

159 2218 292 2249 santur
318 2232 361 2244 =
388 2227 556 2260 magnam
578 2220 721 2260 partem
747 2217 788 2250 in
808 2219 907 2260 peste

1028 1786 1135 1817 cotem
1172 1783 1422 1825 fortitudinis:
1468 1782 1550 1817 Sen.
1588 1783 1632 1817 de
1670 1783 1727 1818 ira.

980 1829 1031 1863 111
1058 1834 1078 1864 3
1111 1833 1183 1864 stat
1214 1831 1423 1865 Aristoteles
1454 1830 1618 1872 defensor
1648 1831 1727 1865 irae

981 1881 1012 1911 et
1037 1880 1131 1911 vetat
1156 1878 1258 1911 illam
1283 1878 1386 1912 nobis
1406 1878 1578 1918 exsecari,
1604 1878 1726 1912 calcar

981 1925 1035 1958 ait
1061 1935 1130 1959 6556
1156 1925 1312 1958 virtutis.

980 1982 1068 2005 mem
1094 1972 1256 2006 animum
1282 1974 1313 2005 et
1339 1972 1387 2006 ad
1408 1974 1558 2006 conatus
1576 1981 1726 2016 magnos

974 2019 1124 2063 piyrum
1151 2020 1366 2062 11161τ61ηᾳιι6
1397 2019 1487 2060 fieri.
1537 2017 1621 2062 Vgl.
1650 2017 1727 2053 Cic.

981 2064 1092 2099 Aead.
1121 2065 1153 2098 11
1191 2069 1360 2106 44,135
1401 2067 1546 2107 (veteres
1583 2065 1723 2099 Acade-

980 2112 1081 2149 miei)
1106 2112 1338 2146 iracundiam
1364 2112 1596 2153 fortitudinis
1619 2112 1726 2156 quasi

980 2162 1089 2193 cotem
1114 2169 1184 2192 6556
1209 2159 1384 2193 (timebant

1028 2206 1247 2250 eoyitarent,
1294 2205 1357 2240 der
1384 2204 1615 2250 Konjunktiv
1653 2206 1724 2240 Im—

537 287 587 326 Ut
620 290 724 326 enim
756 288 793 326 id
827 301 903 327 non
936 293 1083 339 potest,
1123 290 1179 326 516
1213 289 1366 326 animus
1398 287 1652 338 perturbatus
1685 294 1723 328 61.
1754 292 1757 335 ζ

1364 1924 1406 1958 H
1406 1935 1448 1959 ac
1479 1927 1601 1968 erepta
1631 1925 1729 1959 iner-

159 2265 362 2304 versantur,
377 2262 465 2297 oder
483 2264 587 2298 valde
601 2263 795 2307 pestiferae
809 2266 904 2298 sunt.

207 2326 248 2360 in
275 2327 388 2361 altum
402 2328 626 2370 provehitur,
647 2338 702 2362 wo
729 2327 782 2362 516
801 2327 906 2361 nicht

159 2372 286 2407 Anker
311 2374 466 2416 werfen,
494 2375 588 2408 noch
613 2386 679 2408 vor
704 2375 775 2409 den
802 2374 903 2408 Star-

160 2430 245 2453 men
291 2420 371 2454 eine
417 2420 586 2455 Zuflucht
628 2421 751 2455 finden
794 2421 904 2456 kann.

159 2466 229 2501 Die
249 2467 445 2511 Metapher
469 2467 601 2511 besagt
621 2468 699 2502 also
723 2468 905 2511 dasselbe,

159 2513 229 2548 wie
256 2513 321 2548 das
347 2513 520 2558 folgende
547 2525 610 2548 nee
639 2516 768 2558 reperit
789 2516 903 2550 locum

159 2561 390 2597 consistendi.

207 2623 300 2667 Kap.
318 2624 380 2658 19.
408 2628 464 2660 43.
485 2626 727 2683 iracundiam.
750 2625 903 2661 Aristot.

160 2670 235 2704 eth.
263 2670 342 2705 Nic.
370 2670 421 2704 IV
450 2676 488 2705 11
519 2669 537 2705 ὁ
566 2671 634 2727 μὲν
661 2672 728 2707 οὐν
756 2669 821 2716 ἐφ’
851 2672 905 2712 οἷς

158 2718 224 2751 δεῖ
245 2716 308 2751 καὶ
336 2716 390 2757 οἷς
416 2719 478 2752 δεῖ
508 2717 749 2774 ὀρᾳιζόμενος
782 2719 835 2754 ἔτι
862 2719 902 2755 δὲ

158 2763 223 2798 καὶ
250 2762 298 2804 ὡς
324 2765 386 2799 δεῖ
415 2765 479 2799 καὶ
512 2763 600 2800 όσον
632 2764 766 2811 χρόιον
799 2763 901 2801 ἐπαι-

158 2823 289 2845 natm.

979 2252 1133 2296 perfecti
1158 2252 1255 2286 nach
1278 2253 1417 2294 dieunt,
1443 2252 1649 2295 s.z.11115‚
1664 2256 1721 2287 32.

1026 2299 1129 2334 Hace
1166 2300 1305 2334 nullam
1341 2300 1472 2334 habent
1510 2320 1555 2324 —
1592 2310 1722 2334 exean-

980 2347 1069 2381 cluit.
1121 2348 1196 2380 Aus
1236 2346 1298 2380 dei·
1334 2347 1442 2381 Form
1481 2346 1545 2381 dei·
1582 2347 1722 2381 abhan-

980 2393 1093 2437 gigen
1123 2393 1225 2428 Rede
1257 2393 1307 2428 ist
1339 2392 1413 2428 Cic.
1446 2392 1484 2427 in
1517 2393 1576 2427 die
1608 2393 1722 2428 unab—

979 2440 1140 2484 h‘z'tngige
1178 2441 1481 2485 iibergegangen,
1525 2450 1600 2474 was
1644 2439 1724 2474 hier

978 2499 1041 2520 um
1073 2498 1112 2521 so
1144 2487 1397 2531 nachlassiger
1434 2487 1499 2530 ist,
1538 2487 1594 2521 als
1625 2486 1722 2521 nach

979 2534 1177 2578 coyitarent
1209 2534 1326 2568 oratio
1359 2535 1460 2568 reeta.
1492 2534 1723 2578 eingetreten

977 2580 1038 2624 ist,
1066 2580 1183 2615 dieser
1205 2581 1289 2615 Satz
1315 2582 1400 2615 haec
1421 2601 1463 2605 ——
1483 2581 1614 2615 habent
1634 2579 1724 2615 aber

978 2627 1121 2672 logiseh
1152 2627 1256 2662 nicht
1279 2639 1359 2669 ,von
1392 2629 1606 2673 coyitarent,
1641 2638 1721 2663 son-

979 2673 1069 2708 dern
1095 2685 1167 2709 von
1193 2675 1320 2710 dieunt
1345 2675 1536 2719 abhangig
1563 2674 1622 2709 ist.

1024 2722 1177 2765 imperia
1209 2723 1403 2763 severiora,
1435 2722 1623 2766 strenge‘re
1648 2722 1723 2755 An·

977 2768 1211 2813 ordnungen‚
1256 2767 1325 2802 wie
1364 2768 1416 2802 sie
1455 2781 1482 2802 Z.
1513 2768 1552 2803 Β.
1593 2767 1721 2803 Cicero

976 2825 1095 2860 gegen
1122 2815 1181 2850 die
1209 2815 1444 2850 Catilinarier
1469 2814 1552 2850 traf.

1785 799 1787 811 u
1772 660 1785 789 «μω-γι,
1788 629 1790 640 ..
1771 589 1790 608 '-

1646 814 1722 860 Qui
1780 829 1787 857 ·.·

163 873 267 910 6111111
299 873 402 910 vitiis
434 872 593 911 modum
627 873 798 925 adponit,
829 875 862 911 is
895 879 1044 924 partem
1074 875 1237 924 suscipit
1265 874 1468 925 vitiorum3
1501 873 1603 924 quod
1632 885 1724 912 cum

161 931 291 981 ipsum
323 943 394 981 per
427 943 468 969 se
501 931 679 970 odiosum
713 937 784 982 est,
817 937 899 969 tum
934 944 978 969 co
1012 931 1228 982 111016511115,
1262 933 1351 982 quia
1375 938 1476 970 sunt
1505 933 1543 969 111
1570 931 1723 970 lubrIco
1776 934 1787 960 ἒ
