1817 3103
269 71 665 107 TUSCULANARUM
692 70 1090 106 DISPUTATIONUM
1118 73 1159 108 ΙΙ,
1188 76 1338 108 46-50.
1526 72 1582 113 97

20 185 343 236 pinquorumque
376 181 582 232 custodii83
627 192 742 232 saepe
775 181 879 219 enim
912 180 1087 218 videmus
1128 181 1272 219 fractos
1310 183 1477 234 pudore,
1516 185 1582 234 qui

26 243 176 280 ratione
221 240 323 280 nulla
364 241 626 278 vincerentur.

689 239 792 291 Ergo
837 239 907 277 hos
952 238 1110 288 quidem
1156 245 1198 277 ut
1242 240 1406 278 famulos
1447 242 1582 280 vinclis

25 311 148 352 prope
180 305 296 350 atque
329 297 522 350 custodia,
555 299 622 349 qui
654 303 785 337 autem
817 302 934 336 erunt
966 298 1160 335 lirmiores
1199 309 1270 335 nec
1305 304 1432 337 tamen
1467 300 1582 338 robu-

19 359 204 409 stissimi,
237 358 307 395 lios
340 356 539 395 admonitu
573 356 770 407 oportebit
803 360 846 395 ut
885 355 1007 394 bonos
1041 355 1183 394 milites
1216 362 1418 395 revocatos
1457 357 1580 408 ‹ligni-

20 421 144 456 tatem
190 418 302 455 tueri.

366 415 450 453 Nou
496 416 610 453 nimis
655 417 694 453 in
737 414 886 465 Niptris
931 414 993 452 ille
1039 415 1351 464 sapientissimus
1397 414 1580 454 Graeciae

17 475 182 513 -saucius
215 474 448 513 lamentatur
482 473 541 512 vel
573 473 723 512 modice
756 474 897 524 potius.

239 544 520 593 J'edete'mpte'm
552 545 680 594 inquit
712 549 748 582 el
779 544 918 581 sedam
951 546 1056 588 ussa,

238 616 287 642 ne
318 603 511 641 sziccnssu
545 601 727 651 adripia't
758 604 887 641 maior

239 664 362 700 dolor.

28 731 221 771 Pacuvius
253 732 326 770 hoc
361 731 498 769 melius
531 742 646 780 quam
675 730 888 781 Sophocles
916 753 969 757 —
998 730 1099 782 apud
1127 730 1234 769 illum
1262 733 1365 769 enim
1392 742 1580 781 perquam
1598 738 1640 768 49

28 789 212 829 flebiliter
246 790 374 828 Ulixes
409 789 643 835 lamentatur
674 790 713 827 in
747 788 904 827 volnere
940 803 1011 828 —:
1051 796 1179 827 tamen
1214 788 1304 827 huic
1344 789 1480 828 leviter
1519 801 1582 839 ge-

19 918 102 946 ·non
135 907 318 946 dubitant
349 907 498 945 dicere:

245 977 324 1015 Tuo
357 977 531 1025 quoqne,
573 977 722 1023 Ulixes,
755 976 996 1025 quctmqucim
1026 979 1212 1025 yraviler

241 1034 443 1074 cernimus
478 1037 615 1083 ictum,
649 1037 764 1073 usmis
792 1034 924 1084 pae'ne
955 1038 1087 1074 animo
1121 1048 1160 1074 es

240 1093 362 1142 molli,
395 1096 466 1141 qui
495 1093 707 1132 consuestis
741 1096 780 1131 ln
813 1096 937 1131 amnis·

235 1164 371 1192 aevom
404 1151 529 1199 avere
562 1183 568 1190 .
603 1183 609 1190 .

23 1223 223 1274 Intellegit
248 1226 361 1274 poeta
384 1222 558 1273 prudens
585 1222 737 1260 serendi
757 1221 903 1261 doloris
924 1222 1249 1261 consuetudinem
1277 1234 1362 1261 esse
1390 1234 1467 1261 non
1495 1234 1584 1261 con-
1602 1230 1645 1260 50

25 1281 277 1321 temnendam
304 1282 539 1332 magistram.
584 1281 711 1331 Atque
738 1280 800 1318 ille
828 1293 906 1319 non
933 1280 1173 1320 inmoderate
1203 1293 1340 1332 magno
1369 1283 1407 1319 in
1435 1281 1587 1320 dolore:

240 1350 442 1398 Retinc'te,
475 1355 620 1398 tenete,
654 1350 845 1400 opprimit
876 1354 1007 1399 ulcus,

242 1408 409 1457 nudate,
443 1411 518 1448 lecu
551 1411 739 1448 miserum
771 1421 850 1448 me:
883 1410 1114 1449 elzrcrucimu

23 1481 169 1533 incipit
202 1480 296 1531 labi3
326 1466 465 1518 deinde
499 1479 588 1517 ilico
621 1479 781 1518 desinit:

245 1549 423 1599 Opert'le,
457 1551 661 1588 abscedite
694 1549 872 1598 e'ct'nn'anz,

239 1606 400 1649 mittite:
432 1620 525 1646 nam
557 1613 777 1647 atlreetalzt
812 1608 849 1647 c't
880 1621 1027 1657 quassu

237 1678 400 1706 saevum
433 1665 688 1715 amplificatis
720 1668 906 1706 dolo'rem.

19 1738 193 1777 'Videsne
227 1743 269 1775 nt
301 1736 543 1775 obmutuerit
575 1749 653 1775 non
686 1737 844 1776 sedatus
877 1740 1071 1790 corporis,
1114 1739 1182 1777 sed
1216 1741 1425 1791 castigatus
1465 1741 1582 1778 animi
1639 1737 1642 1740 ’

20 1793 165 1835 dolor?

21 1856 217 1895 moriens:

229 1795 360 1846 ltaque
405 1797 443 1833 in
489 1797 675 1834 extremis
714 1795 862 1846 Niptris
907 1797 1001 1835 alios
1048 1810 1204 1848 quoque
1247 1797 1427 1849 obiurgat
1466 1798 1582 1849 idque

178 1913 381 1961 Conqueri
406 1911 616 1960 sorleinam
650 1914 880 1965 adrerum,
913 1914 991 1953 nott
1024 1914 1243 1954 lamentari
1274 1918 1410 1961 dcccl,-

179 1996 226 2033 Id
258 1996 336 2033 viri
367 2000 424 2033 est
456 1993 655 2043 officium:
683 1998 802 2043 slelus
835 1996 1023 2035 muliebre?
1055 1999 1214 2045 e'nssem‘o
1248 1997 1422 2037 ciddilus.

21 2121 120 2155 tete:
140 2120 190 2154 sei
209 2119 389 2162 fouriosos
408 2124 473 2154 aut
488 2121 658 2163 prodicos
673 2121 769 2164 escit,

22 2167 265 2202 adcnatorum
290 2167 536 2211 centilioquae
565 2168 641 2201 eius
668 2170 769 2211 pote-

24 2217 102 2249 stas
134 2213 247 2255 estod,
283 2216 339 2247 ast
370 2214 402 2247 ei
433 2217 549 2248 custos
580 2225 643 2249 nec
674 2215 766 2249 escit.

27 2259 172 2295 Darauf
182 2259 325 2294 scheinl:
340 2259 411 2295 Cic.
427 2260 507 2295 hier
520 2260 767 2304 anzuspielen.

74 2308 116 2342 in
145 2306 311 2351 Niptris:
346 2308 497 2349 Νίπτρα
529 2307 618 2342 oder
646 2305 769 2342 Ὀδυσ-

20 2351 115 2394 -σεύς
147 2349 394 2396 ἀκανθοπλήξ
435 2353 527 2388 hiess
563 2354 622 2388 ein
655 2354 770 2389 Stiick

29 2400 94 2436 des
121 2400 343 2445 Sophokles,
371 2400 487 2435 worin
511 2401 575 2435 der
600 2401 679 2436 Tod
706 2401 768 2436 des

28 2446 214 2492 Odysseus
242 2446 444 2481 behandelt
468 2448 602 2483 wurde.
656 2447 770 2493 Odys-

29 2505 112 2530 seus
137 2493 207 2529 soll
238 2492 402 2528 namlieh
428 2504 500 2528 von
525 2495 664 2529 seinem
696 2496 770 2530 und

26 2541 94 2576 der
113 2540 216 2576 Circe
237 2540 337 2575 Sohn
356 2541 563 2585 Telegonus
583 2541 652 2576 mil:
672 2543 771 2577 einer

29 2587 167 2629 Lanze.
204 2587 263 2622 die
289 2587 344 2621 als
372 2587 494 2632 Spitze
521 2587 594 2623 den
620 2588 770 2624 Stachel

30 2634 130 2669 eines
167 2634 424 2669 Meerrochens
463 2635 583 2678 hatte,
627 2637 771 2679 getstet

29 2681 179 2716 worden
193 2681 281 2716 sein.
326 2681 520 2724 Pacuvius,
543 2682 608 2716 der
622 2682 770 2718 Schwe-

31 2727 198 2762 stersohn
212 2728 276 2762 des
290 2728 440 2772 Ennius,
455 2728 559 2763 hatte
574 2728 640 2763 das
655 2729 771 2764 Stflck

34 2773 308 2817 nachgebildet.
352 2775 419 2810 Die
435 2775 564 2818 Verse,
586 2776 770 2820 anapa'tsti—

25 2819 119 2855 :sche
145 2819 326 2863 Dimeter,
359 2821 500 2866 spricht
525 2822 607 2857 teils
633 2823 770 2867 Ulixes,

104 2884 223 2918 Humr,
246 2885 305 2912 Cic.
327 2887 448 2913 Tuscul.

842 2121 926 2156 teils
946 2121 1010 2156 der
1028 2121 1133 2156 Chor.
1180 2121 1278 2156 Uber
1298 2123 1444 2158 Ciceros
1466 2124 1586 2159 Urteil

841 2167 932 2202 fiber
958 2167 1142 2203 Pacuvius
1168 2169 1243 2203 und
1270 2169 1478 2214 Sophokles
1514 2171 1586 2216 vgl.

842 2213 1006 2259 Lessing,
1021 2215 1198 2251 Laokoon
1213 2215 1245 2250 S.
1258 2219 1326 2250 385
1342 2217 1465 2252 Maltz.
1475 2218 1586 2264 Ausg.

889 2265 944 2296 49.
985 2263 1105 2305 illum,
1152 2263 1220 2297 auf
1253 2263 1323 2298 den
1360 2265 1497 2300 zuletzt
1535 2276 1589 2301 er-

843 2309 1016 2388 wiipnten
1031 2309 1238 2354 Sophokles
1260 2322 1302 2344 zu
1323 2310 1510 2347 beziehen.
1552 2312 1587 2348 S.

843 2368 871 2389 z.
941 2359 1002 2400 49,
1031 2360 1106 2390 117.

893 2403 1030 2446 leviter,
1061 2404 1209 2448 ‘wenig‚
1228 2405 1518 2450 unbedeussend’,
1543 2407 1588 2441 de

846 2448 904 2484 off.
933 2450 946 2483 I
972 2454 1028 2494 24,
1055 2453 1099 2484 83
1126 2452 1189 2495 qui
1215 2452 1337 2486 leviter
1362 2457 1588 2498 aegrotantes

845 2497 970 2531 leniter
996 2501 1137 2532 curant.

890 2548 1097 2586 consuetus,
1137 2555 1175 2579 es
1210 2545 1306 2590 folgt
1338 2546 1398 2581 ein
1424 2546 1588 2582 Verbum

844 2589 911 2624 wie
938 2591 1026 2626 adeo
1046 2592 1257 2627 lamentaris
1277 2593 1364 2627 oder
1384 2594 1586 2630 ahnliches.

891 2640 946 2671 50.
962 2638 1107 2680 nudate,
1121 2639 1285 2673 namlich
1300 2652 1361 2674 um
1373 2640 1431 2674 die
1442 2640 1586 2675 Wunde

843 2695 887 2717 zu
911 2685 1169 2720 untersuchen.

891 2733 1041 2775 operite,
1074 2732 1134 2766 ein
1165 2732 1446 2776 Paroemiakus‚
1480 2743 1587 2768 wenn

843 2778 948 2812 nicht
987 2777 1047 2812 ein
1081 2779 1210 2813 halber
1236 2778 1321 2813 Fuss
1359 2779 1588 2823 ausgefallen

844 2825 903 2859 ist.
931 2845 972 2849 —
1000 2826 1142 2869 mittite,
1173 2825 1277 2860 ‘larse
1303 2825 1401 2860 mich
1427 2826 1510 2861 los'.

1291 2897 1299 2918 4
