1790 3103
282 83 679 120 TUSCULANARUM
705 82 1107 118 DISPUTATIONUM
1133 83 1192 118 III.
1221 86 1369 118 23-26.
1547 81 1598 121 17

45 195 239 237 bonorum
271 195 454 245 opinione
487 192 715 243 turbantur,
755 198 796 230 ut
828 191 905 230 duo
944 191 1111 243 reliqua,
1150 197 1276 230 metus
1315 198 1353 230 et
1385 191 1599 242 aegritudo,

45 253 248 294 malorum.
311 252 406 290 Nam
439 257 478 290 et
509 256 662 290 metus
695 251 825 301 opinio
852 250 981 299 magni
1007 249 1096 287 mali
1122 249 1343 299 inpedentis
1376 257 1413 288 et
1446 251 1599 300 aegri-

46 311 158 361 tudo
198 317 257 349 est
295 312 426 362 opinio
464 311 593 360 magni
632 308 720 347 mali
757 309 976 359 praesentis
1015 314 1053 346 et
1095 307 1251 358 quidem
1292 320 1430 345 recens
1469 310 1600 359 opinio

45 362 142 410 talis*
165 369 273 420 mali,
307 374 349 407 ut
379 370 419 406 in
452 380 497 406 eo
525 374 675 406 rectum
704 366 880 405 videatur
906 377 991 404 esse
1019 367 1124 416 angi3
1157 365 1193 403 id
1227 371 1356 403 autem
1390 372 1449 404 est
1482 372 1523 404 ut
1557 368 1601 416 is,

46 429 114 479 qui
146 427 291 478 doleat,
323 431 507 477 oportere
541 427 725 476 opInetur
758 436 798 463 se
832 424 975 462 dolere.
1033 423 1101 462 His
1134 428 1263 461 autem
1296 423 1599 474 perturbationi-

46 485 137 538 bus,
169 497 266 536 quas
298 486 337 523 in
371 486 487 522 vitam
520 483 722 522 hominum
749 482 915 521 stultitia
942 484 1053 533 quasi
1080 482 1266 532 quasdam
1294 482 1414 519 furias
1441 483 1601 520 inmittit

45 549 162 594 atque
194 544 346 594 incitat,
380 541 561 580 omnibus
594 541 742 579 viribus
781 547 897 591 atque
937 540 1076 591 opibus
1116 540 1414 591 repugnandum
1453 547 1529 591 est,
1569 542 1602 579 si

45 602 225 640 volumus
262 601 354 653 hoc,
395 600 498 651 quod
537 599 669 638 datum
708 605 767 637 est
806 601 922 649 vitae,
962 598 1169 650 tranquille
1208 598 1437 649 placideque
1470 598 1602 636 tradu-

40 671 147 700 cere.
210 659 286 698 Sed
320 665 450 698 cetera
483 658 594 697 alias:
628 670 732 696 nunc
764 657 1067 709 aegritudinem,
1101 659 1132 695 si
1165 669 1395 708 possumus,
1434 656 1600 707 depella-

45 730 144 758 mus.
206 717 247 756 ld
281 719 384 756 enim
424 718 474 754 sit
511 718 774 767 propositum,
807 716 961 766 quando
995 716 1151 766 quidem
1185 728 1269 753 eam
1303 722 1344 754 tu
1377 715 1499 753 videri
1532 714 1603 753 tibi

42 777 85 816 in
118 778 333 827 sapientem
366 774 504 813 cadere
538 774 688 826 dixisti,
721 774 823 825 quod
858 787 928 825 ego
961 774 1067 813 nullo
1101 774 1215 812 modo
1248 775 1444 825 existiu103
1480 780 1602 819 taetra

48 836 152 881 enim
184 846 248 873 res
281 840 358 886 est,
392 835 552 885 misera,
585 832 844 884 detestabilis,
877 834 981 871 omni
1014 834 1284 883 contentione,
1317 831 1428 884 velis,
1470 838 1512 870 ut
1551 833 1602 869 ira

43 892 190 944 dicam,
222 893 419 942 remisque
453 891 646 942 fugienda.

163 950 296 997 Qualis
329 952 432 989 enim
466 950 536 988 tibi
568 950 630 989 ille
663 950 818 989 vitietur

169 1032 334 1072 Tantalo
363 1032 606 1082 proqna'las,
641 1033 786 1081 Pelope
817 1031 952 1080 natus,
985 1034 1056 1080 qui
1085 1033 1283 1080 quondam
1318 1031 1343 1069 (ι’
1374 1043 1494 1070 socru

171 1091 371 1131 Oe'nomao
403 1104 499 1139 reae
532 1089 847 1140 Hippodameam
882 1089 1010 1140 raptis
1042 1096 1231 1129 menetust
1261 1090 1438 1139 nuptiis?

45 1173 145 1212 Iovis
177 1175 250 1213 iste
283 1173 441 1224 quidem
473 1185 687 1224 pronepos:
726 1178 854 1211 tamne
894 1185 987 1223 ergo
1021 1169 1205 1224 {abiectus
1237 1178 1394 1223 tamque
1428 1169 1603 1211 fractus?

223 1252 400 1303 wolde?
433 1256 571 1305 inquit,
605 1250 810 1302 ‘hoslfile'3‚
843 1255 900 1292 ad
929 1266 990 1292 me
1021 1253 1161 1293 adire!
1194 1256 1286 1293 ilico
1320 1253 1425 1301 e'ste'c,

221 1326 271 1352 ne
303 1313 489 1362 co'ntaqio'
521 1325 609 1351 mea
643 1310 754 1351 bonis
787 1314 978 1350 umbrave
1009 1313 1120 1352 obsit.

223 1371 336 1410 tanta
369 1374 427 1410 vis
457 1370 623 1410 sceleris
656 1373 697 1409 2'72
730 1370 902 1419 co'rpore
933 1367 1101 1410 haeret.⁹

41 1452 105 1491 Tu
146 1458 202 1504 te,
245 1452 434 1504 Thyesta,
478 1451 678 1490 damnabis
721 1451 958 1503 orbabisque
1001 1451 1087 1490 luce
1129 1458 1292 1504 propter
1325 1455 1401 1491 vim
1443 1452 1603 1491 sceleris

44 1566 111 1609 τῆς
135 1562 178 1600 τὸ
205 1561 378 1607 δοξάζειν
390 1563 616 1612 πρόσφατον
636 1561 788 1622 ἀγαθὸν

44 1615 238 1656 παρεῖναι,
273 1609 339 1655 ἐφ’
377 1612 404 1657 ᾡ
443 1609 609 1655 καθήκει
642 1608 788 1655 ἐπαίρε-

44 1660 151 1693 σθαι.
201 1658 286 1703 Vgl.
313 1658 363 1691 IV
390 1669 419 1693 c.
447 1662 478 1692 6.

93 1709 150 1739 25.
191 1705 407 1740 turbantur:
451 1706 543 1739 stati:
585 1717 629 1738 zu
676 1714 790 1749 sagen

44 1752 193 1787 animus
235 1752 406 1787 turbatur
449 1752 648 1795 cupiditate
684 1751 790 1785 iiber—

46 1799 150 1843 triigt
176 1797 249 1833 Cic.
270 1798 437 1833 dasselbe
458 1798 620 1833 Verbum
647 1798 711 1832 auf
729 1797 789 1832 die

49 1844 247 1889 Begierde,
279 1844 339 1880 die
364 1846 415 1879 im
442 1845 546 1880 Geist
575 1845 681 1879 ihren
715 1844 790 1879 Sitz

45 1891 122 1927 hat.
150 1892 241 1936 Top.
257 1895 369 1933 26,99
390 1891 492 1926 Huic
510 1893 644 1937 yeneri,
662 1893 703 1926 in
722 1902 790 1936 quo

42 1941 78 1974 et
90 1939 338 1974 misericordia
352 1943 384 1973 et
396 1939 596 1973 iracundia
607 1959 650 1963 -
662 1942 695 1973 et
707 1942 790 1973 cete-

43 1996 109 2020 rae
140 1986 258 2020 animi
288 1986 494 2029 affectiones
513 1986 789 2030 perturbantur.

92 2042 212 2068 recens
236 2033 373 2077 opinio.
423 2032 493 2067 Mit
526 2043 647 2067 recens
684 2032 790 2066 iiber-

47 2080 141 2114 setzi:
166 2078 239 2114 Cic.
271 2079 336 2114 das
369 2079 530 2114 stoisehe
561 2078 791 2123 πρόσφατον,

48 2125 84 2159 d.
110 2126 145 2160 h.
173 2125 377 2171 eigentlich
412 2125 541 2161 ‘friseh
572 2126 789 2171 geschlach-

47 2172 132 2215 tet’,
177 2172 276 2207 dann
322 2172 478 2206 ‘frisch’.
537 2172 611 2207 Der
659 2173 789 2206 Zusa‘cz

47 2218 172 2254 wurde
192 2230 262 2253 nur
279 2219 502 2263 angewandt
519 2219 558 2254 in
578 2219 643 2254 der
655 2219 790 2253 Defini-

47 2264 127 2300 1ῑίοΠ
141 2265 205 2299 der
218 2265 360 2300 Frende
380 2266 454 2300 und
474 2266 538 2300 der
552 2266 790 2300 Bekiimmer-

47 2311 123 2356 nis,
149 2311 182 2348 d.
209 2312 245 2346 h.
271 2312 336 2346 der
361 2311 524 2355 Affekte,
552 2313 692 2347 welche
713 2312 790 2347 sich

46 2358 115 2394 auf
147 2358 207 2394 ein
238 2358 533 2404 gegenwartiges
560 2359 648 2394 oder
679 2360 791 2394 sehon

47 2405 289 2449 vollendetes,
310 2405 387 2440 also
408 2405 472 2440 der
486 2406 790 2452 Vergangenheii:

46 2452 377 2487 anheimfallendes
427 2451 501 2487 Gut
557 2453 644 2488 oder
695 2453 790 2487 Ubel

47 2497 221 2544 bezogen.
273 2498 307 2533 S.
335 2503 397 2533 31.
425 2503 478 2534 75.

94 2546 181 2580 velis
192 2566 235 2571 -—
247 2546 438 2590 remisque.
458 2546 630 2581 ahnliche
651 2547 788 2591 sprich-

49 2591 240 2627 wortliche
256 2592 512 2627 Redensarten
532 2593 614 2627 sind
633 2594 680 2628 ad
699 2593 788 2628 fam.

49 2635 117 2672 XII
142 2641 204 2682 25,
231 2643 250 2673 3
286 2640 401 2674 ventis
432 2640 548 2675 remis.
599 2640 643 2675 de
670 2639 729 2675 off.
755 2641 789 2674 II

49 2686 107 2727 24,
131 2687 177 2719 84
201 2687 313 2721 armis
338 2689 370 2721 et
395 2687 533 2721 castris.
583 2686 788 2729 11133,116

47 2730 140 2766 viris
162 2733 339 2778 equisque.
389 2734 495 2767 Aueh
526 2734 674 2778 r'emiyzo
698 2735 788 2768 zelo-

47 2786 116 2821 que
144 2778 259 2814 findet
292 2779 370 2815 sich
403 2780 442 2814 in
473 2779 638 2825 gleicher
662 2779 787 2815 lVeise

49 2821 110 2858 bei
135 2823 297 2861 Plautus.

51 2906 56 2910 .
120 2887 241 2921 thess,
261 2889 293 2915 Ci
286 2898 321 2916 ic.
336 2891 456 2917 Tuscul.
490 2892 610 2918 2.Heft.

908 1566 1001 1609 Kap.
1024 1564 1086 1600 12.
1136 1569 1191 1600 26.
1216 1565 1373 1600 Tantalo
1386 1570 1603 1611 prognatus,

862 1612 894 1645 d.
922 1612 945 1648 i.
973 1612 1164 1656 Thyestes.
1217 1612 1272 1647 Ob
1308 1613 1408 1647 diese
1441 1613 1604 1647 trochai-

862 1659 974 1694 schen
999 1659 1230 1694 Tetrameter
1263 1659 1338 1694 und
1369 1659 1428 1694 die
1460 1659 1604 1704 folgen-

861 1705 933 1739 den
958 1705 1072 1740 Verse
1111 1717 1174 1740 aus
1212 1706 1427 1741 demselben
1466 1705 1604 1741 Stficke

863 1751 962 1794 sind,
1000 1754 1050 1786 ist
1084 1753 1319 1787 zweifelhaft.
1369 1752 1437 1787 Die
1462 1752 1605 1797 folgen—

862 1799 934 1833 den
970 1800 1080 1835 volite
1123 1802 1210 1843 eet.,
1255 1799 1346 1834 zwei
1382 1799 1604 1834 bacehische

863 1846 1111 1889 Tetra-meter,
1131 1847 1198 1880 auf
1214 1847 1354 1881 welche
1374 1846 1463 1881 zwei
1483 1847 1606 1882 cretici

863 1892 938 1926 und
958 1893 1048 1927 zwei
1061 1892 1252 1928 Troch‘aen
1272 1893 1415 1938 folgen,
1436 1894 1519 1928 sind
1539 1903 1604 1927 aus

864 1939 948 1973 dem
958 1939 1137 1984 Thyestes
1148 1939 1212 1975 des
1221 1940 1371 1974 Ennius.
1398 1940 1466 1974 Die
1475 1940 1604 1975 WVorbe

864 1986 1007 2030 spricht
1050 1986 1250 2031 Thyestes,
1300 1987 1482 2021 nachdem
1526 1986 1604 2021 ihm

864 2033 964 2068 seine
999 2033 1138 2068 Kinder
1174 2045 1247 2069 von
1286 2034 1424 2068 seinem
1462 2033 1605 2069 Bruder

863 2081 998 2161 SAtreus
1023 2092 1106 2114 zum
1125 2080 1250 2115 Mahle
1277 2082 1487 2125 vorgesetzt
1512 2081 1602 2115 sind.

892 2155 898 2162 .
924 2139 952 2160 z.
980 2127 995 2160 Ι
1021 2130 1083 2170 44,
1113 2131 1189 2162 107.

910 2197 933 2219 a
957 2196 1071 2220 socru.
1122 2186 1218 2220 Non.
1244 2198 1279 2230 p.
1313 2189 1380 2221 223
1415 2196 1540 2221 socrus
1575 2190 1605 2221 et

862 2233 1062 2267 masculino
1087 2243 1210 2277 genere
1244 2237 1370 2268 veteres
1401 2234 1476 2268 dici
1501 2244 1605 2278 posse

862 2280 1061 2314 voluerunt.
1098 2299 1141 2305 -—
1177 2279 1219 2313 In
1258 2279 1436 2315 Oenomao
1472 2280 1523 2315 ist·
1560 2291 1604 2316 ao

863 2325 1037 2370 einsilbig
1061 2338 1105 2360 zu
1129 2325 1242 2361 lesen.

910 2391 1028 2436 rap-qis
1047 2391 1204 2435 nuptiis:
1231 2391 1364 2436 Pelops
1384 2391 1603 2426 fiberlistete

861 2437 932 2471 den
977 2437 1179 2481 Onomaus,
1223 2438 1491 2483 Hippodamias
1532 2438 1605 2472 Va-

860 2485 935 2528 ter,
971 2484 1022 2518 im
1048 2484 1364 2530 Wagenkampfe‚
1402 2485 1526 2520 indem
1566 2497 1605 2521 er

862 2530 993 2565 dessen
1018 2531 1295 2575 Wagenlenker
1333 2532 1506 2577 bestach,
1544 2532 1603 2567 die

861 2577 985 2612 R'ader
1008 2577 1112 2612 nicht
1136 2578 1210 2613 fest
1236 2590 1279 2613 zn
1305 2580 1472 2614 macheu.

909 2642 1008 2676 illico
1033 2643 1132 2686 istic,
1158 2643 1323 2678 namlich
1349 2647 1456 2685 stat-e,
1492 2643 1600 2683 ‘ham

861 2688 981 2722 bleibt
1006 2689 1091 2724 dort
1123 2689 1189 2724 auf
1212 2690 1276 2724 der
1303 2689 1417 2725 stelle
1445 2689 1602 2723 stehen’.

860 2735 981 2770 Plaut.
1014 2736 1126 2771 Mero.
1153 2735 1186 2770 V
1213 2740 1251 2781 2,
1280 2741 1320 2771 71
1361 2747 1465 2780 cape,
1496 2746 1603 2778 puer,

860 2782 1079 2826 chlamydem
1122 2788 1228 2827 atque
1269 2784 1351 2817 istic
1394 2786 1451 2816 sta
1492 2783 1601 2818 illico.

861 2828 940 2863 Ter.
968 2829 1114 2863 Phorm.
1142 2830 1157 2862 Ι
1182 2834 1221 2872 4,
1250 2833 1292 2864 13
1320 2829 1386 2863 Sta
1414 2829 1506 2864 ilico.

1298 2891 1318 2920 ‘2
