1817 3103
289 79 690 115 TUSCULANARUM·
711 79 1109 114 DISPUTATIONUM
1138 80 1179 114 ll.
1209 85 1356 114 55—00.

1518 79 1593 119 101

49 192 177 242 Atque
210 190 283 228 hoc
316 195 586 241 pracceptum,
619 188 720 239 quod
755 189 802 227 de
836 187 967 227 dolore
1001 188 1132 238 datur,
1172 195 1277 238 patet
1309 189 1440 227 latius:
1479 190 1660 230 omni-5⁵3

49 249 123 289 bus
155 250 258 287 enim
291 248 428 298 rebus,
466 260 542 285 non
577 247 701 285 solum
734 246 875 297 dolori,
914 246 1028 284 simili
1062 249 1311 284 contentione
1351 249 1467 285 animi
1506 249 1599 285 resi-

50 307 232 347 stendum
265 312 335 345 est.

398 306 457 344 lra
490 305 726 356 exardescit,
764 305 882 343 libido
916 306 1152 343 concitatur:
1192 306 1229 342 in
1270 305 1432 343 eandem
1471 317 1599 344 arcem

51 365 354 415 confugiendum
387 370 464 415 est,
506 364 638 402 eadem
673 370 764 402 sunt
803 376 907 401 arma
950 363 1148 401 sumenda.

50 423 182 463 dolore
215 423 430 473 loquimur,
464 422 525 460 illa
559 423 794 461 omittamus.

1213 363 1286 400 Sed
1331 365 1512 413 quoniam
1554 364 1601 401 de

858 422 910 460 Ad
941 422 1143 459 serendum
1173 423 1291 471 igitur
1319 421 1490 459 dolorem
1526 422 1600 471 pla-

52 482 136 521 cide
170 486 285 532 atque
319 480 449 519 sedate
477 481 688 531 plurimum
723 482 877 531 prolicit
909 487 990 519 toto
1022 486 1200 530 pectore,
1233 487 1275 517 ut
1307 480 1467 529 dicitur,
1501 481 1602 529 cogi-

50 546 132 580 tare
173 552 287 590 quam
330 539 366 577 id
410 539 617 578 honestum
659 541 719 577 sit.

783 539 927 577 Sumus
969 541 1071 576 enim
1116 545 1270 589 natura,
1311 544 1353 576 ut
1395 544 1482 575 ante
1525 537 1602 574 dixi

52 619 100 627 --
137 597 344 636 dicendum
379 603 439 636 est
471 599 573 635 enim
607 599 761 648 saepius
796 619 867 647 —,
901 597 1176 635 studiosissimi
1214 597 1602 648 adpetentissimique

49 657 283 708 honestatis,
315 657 428 694 cuius
461 657 492 693 si
527 657 637 706 quasi
664 655 793 694 lumen
823 656 976 706 aliquod
1005 657 1246 706 aspeximus,
1280 654 1375 693 nihil
1402 661 1461 692 cst
1488 654 1604 704 quod,

48 721 92 755 ut
132 727 178 754 eo
220 716 432 765 potiamur,
474 726 550 752 non
593 716 715 765 parati
758 716 879 753 simus
921 720 959 752 et
998 715 1100 752 serre
1141 720 1179 752 et
1211 715 1376 765 perpeti.

1439 712 1494 751 Ex
1530 713 1603 751 hoc

48 785 167 813 cursu
200 778 316 824 atque
350 774 496 823 impetu
529 774 747 811 animorum
781 773 826 811 ad
862 785 989 811 veram
1023 773 1175 811 laudem
1209 779 1323 823 atque
1357 772 1602 810 honestatem

48 832 110 871 illa
142 831 316 883 pericula
349 831 543 870 adeuntur
576 833 614 869 in
647 831 823 883 proeliis,
866 844 942 869 non
976 832 1152 870 sentiunt
1184 832 1255 869 viri
1289 832 1409 869 sortes
1442 832 1480 867 in
1521 831 1602 867 acie

47 890 221 942 volnera,
267 889 326 928 vel
368 891 560 940 sentiunt,
604 890 672 928 sed
715 891 813 928 mori
855 890 1003 928 malunt
1045 902 1159 940 quam
1202 895 1353 927 tantum
1396 888 1510 927 modo
1553 887 1599 925 de

47 949 247 1000 dignitatis
297 948 418 999 gradu
470 948 678 986 demoveri.

747 948 957 998 Fulgentes
1007 948 1154 999 gladios
1205 948 1375 986 hostium
1421 946 1662 988 videbant59

50 1007 175 1059 Decii,
216 1019 306 1046 cum
347 1008 385 1045 in
428 1008 549 1045 aciem
593 1019 727 1045 eorum
771 1007 990 1046 inruebant.

50 1077 189 1104 nerum
232 1072 379 1104 metum
423 1064 604 1103 nobilitas
646 1067 783 1104 mortis
825 1072 864 1104 et
905 1066 1037 1117 gloria.

1054 1007 1122 1045 llis
1156 1006 1306 1045 levabat
1339 1018 1493 1044 onlnem
1527 1005 1603 1043 vol-

1100 1065 1200 1104 Num
1243 1072 1324 1103 tum
1367 1065 1604 1114 ingemuisse

49 1123 357 1175 Epaminondam
395 1130 527 1175 putaS,
566 1136 655 1162 cum
694 1136 769 1162 una
808 1137 897 1162 cum
937 1126 1124 1175 sanguine
1165 1126 1278 1162 vitam
1319 1123 1480 1161 effluere
1520 1135 1605 1160 sen-

48 1180 168 1221 tiret?
230 1182 490 1233 Imperantem
524 1184 626 1220 enim
659 1184 822 1233 patriam
850 1182 1167 1221 Lacedaemoniis
1195 1181 1457 1232 relinquebat,
1490 1193 1605 1231 quam

49 1246 254 1292 acceperat
280 1242 526 1279 servientem.

50 1299 240 1338 dolorum.

166 1357 298 1409 Dices,
337 1358 429 1408 quid
465 1359 502 1395 in
536 1370 647 1410 pace,
681 1358 772 1409 quid
807 1358 927 1410 domi,
962 1358 1053 1409 qnid
1087 1360 1125 1396 in
1159 1354 1330 1396 lectulo?

590 1240 691 1279 Ilaec
727 1247 818 1279 sunt
851 1241 1009 1292 solacia,
1043 1241 1136 1279 haec
1166 1241 1333 1279 fomenta
1362 1251 1605 1278 summorum

1391 1356 1447 1394 Ad
1482 1356 1605 1407 philo·
1622 1342 1680 1424 {325

49 1416 193 1468 sophos
227 1428 286 1454 me
321 1428 497 1467 revocaS,
537 1418 603 1467 qui
643 1419 681 1455 in
721 1418 842 1455 aciem
883 1429 960 1455 non
999 1429 1113 1468 saepe
1151 1416 1364 1468 prodeunt,
1404 1428 1423 1453 c
1464 1415 1606 1466 quihus

50 1474 165 1514 homo
198 1487 290 1513 sane
324 1475 435 1525 levis,
468 1474 720 1514 Heracleotes
753 1475 978 1527 Dionysius,
1012 1488 1100 1514 cum
1134 1487 1153 1513 a
1187 1474 1342 1513 Zenone
1377 1475 1490 1512 sortis
1522 1486 1609 1512 esse

51 1533 269 1585 didicisset,
302 1546 321 1571 a
354 1533 488 1572 dolore
521 1534 711 1572 dedoctus
744 1541 814 1573 cst.

49 1593 134 1643 ipso
173 1593 212 1630 in
255 1592 400 1631 eiulatu
443 1592 663 1631 clamitabat
705 1592 797 1631 salsa
840 1605 925 1631 esse
968 1593 1028 1631 illa

0 1647 1 1662 ³
49 1651 133 1701 ipse
166 1652 367 1690 sensisset.

98 1754 152 1786 58.
175 1754 277 1795 patet
303 1752 430 1793 latius,
463 1751 577 1786 findet
603 1752 682 1786 eine
710 1752 793 1787 wei-

50 1799 127 1833 tere
156 1798 408 1843 Anwendung.
459 1798 504 1832 de
545 1798 603 1833 off.
643 1799 656 1832 I
696 1803 734 1842 2,
773 1804 794 1833 4

51 1845 223 1880 latissime
252 1849 375 1889 patere
406 1846 576 1880 videntur
611 1858 669 1887 ea,
704 1857 794 1890 quae

0 1896 1 1929 ἐ
51 1892 93 1926 cle
118 1892 250 1934 officiis
275 1893 414 1927 tradita
442 1893 490 1927 ab
523 1893 598 1927 illis
630 1897 661 1927 et
686 1904 794 1937 prae.-

0 1949 1 1973 ς
51 1942 154 1982 cepta
178 1942 271 1973 sunt.

99 1985 170 2019 Ira
190 1986 388 2020 escardescit
413 1987 482 2021 cet.
533 1986 607 2020 Das
633 1986 795 2031 Asynde-

0 2052 1 2060 κ
52 2032 116 2067 ton
143 2031 182 2066 in
208 2032 450 2078 Verbindung
484 2033 548 2067 der
582 2033 690 2068 Siitze
721 2035 795 2067 und

53 2078 212 2124 Begriffe
244 2078 334 2114 lassi,
368 2080 435 2114 das
460 2080 634 2114 Einzelne
668 2091 797 2125 geson-

0 2120 1 2142 ³
54 2125 152 2167 dett,
191 2127 268 2160 und
297 2127 426 2160 darum
451 2127 685 2162 bestimmter
723 2127 798 2161 und

56 2173 200 2207 starker
224 2172 530 2217 hervorgehoben
568 2174 651 2208 dem
686 2174 799 2208 Leser

53 2220 372 2264 entgegentreten.

100 2269 173 2300 toto
191 2270 352 2310 pectore:
379 2266 454 2311 vgl.
483 2267 528 2302 de
554 2267 625 2313 leg.
647 2268 663 2301 Ι
686 2270 739 2310 18,
754 2272 798 2302 49

53 2313 86 2346 εἰ
109 2323 184 2347 non
214 2315 290 2357 ipse
325 2315 463 2348 amicus
491 2325 556 2358 per
586 2325 622 2349 se
653 2318 798 2349 amatur

54 2362 125 2394 toto
143 2364 304 2404 pectore,
332 2364 371 2394 ut
396 2361 542 2395 dicitur.

104 2407 240 2449 lumen,
269 2407 345 2442 ‘ein
372 2407 524 2442 Strahl’.

102 2453 198 2496 ferre
227 2457 260 2488 et
283 2455 440 2500 perpeti,
477 2455 657 2500 geduldig
683 2457 796 2490 ertra—

56 2510 143 2543 gen,
181 2501 255 2545 vgl.
295 2501 339 2535 de
378 2513 428 2536 or.
467 2501 581 2545 1119,
610 2506 651 2537 77
690 2503 799 2545 facile

56 2557 174 2582 omnes
193 2549 378 2592 perpetior
402 2552 434 2582 et
454 2550 608 2592 perfero.

106 2593 172 2629 Ex
198 2595 263 2629 hoc
292 2605 401 2629 cursu
426 2600 532 2639 atque
556 2597 708 2640 impetu,
734 2607 799 2631 aus

57 2639 196 2675 diesem
219 2641 389 2687 feurigen
413 2642 550 2687 Drang.

105 2689 248 2722 tantum
271 2689 393 2730 modo,
420 2689 529 2723 ‘auch
556 2702 624 2724 nur
649 2689 708 2724 ein
728 2701 800 2725 we-

59 2733 153 2778 nig',
184 2735 259 2780 vgl.
285 2747 322 2779 p.
350 2735 453 2770 Caec.
481 2740 542 2779 20,
569 2740 614 2771 58
646 2748 690 2772 πε
720 2740 799 2771 tan-

57 2781 175 2815 tulum
199 2783 350 2825 quidem.

107 2830 162 2862 59.
188 2828 312 2872 Decii,
338 2840 366 2864 s.
392 2830 408 2864 1
434 2833 495 2872 37,
522 2834 578 2865 89.

877 1534 973 1572 Nam
1007 1547 1095 1573 cum
1128 1546 1174 1572 ex
1208 1532 1370 1571 renibus
1403 1532 1609 1583 laboraret,

1039 1625 1048 1644 ,
1090 1605 1188 1643 quae
1231 1598 1342 1630 antea
1385 1591 1432 1630 (le
1475 1591 1608 1629 dolore

430 1650 554 1695 Quem
588 1663 677 1689 cum
712 1651 919 1690 Cleanthes
952 1650 1246 1702 condiscipulus
1281 1657 1453 1701 rogaret,
1494 1662 1610 1700 quae-

914 1752 1224 1796 Epaminomlam.
1262 1751 1296 1786 S.
1314 1751 1418 1786 Corn.
1434 1751 1526 1796 Nep.
1544 1750 1613 1795 Ep.

868 1810 896 1833 C.
925 1803 957 1833 9.
1009 1799 1081 1834 Cic.
1109 1800 1154 1834 de
1180 1800 1238 1833 fin.
1269 1799 1303 1832 ΙΙ
1330 1803 1391 1841 30,
1419 1802 1474 1834 97.

913 1847 1091 1889 fomenta:
1132 1846 1175 1880 de
1202 1846 1261 1880 fin.
1289 1846 1321 1879 II
1349 1849 1410 1887 29,
1437 1849 1481 1879 95
1506 1845 1611 1888 forli-

867 1894 1007 1928 tzcdim's
1026 1894 1192 1935 fomentis
1211 1894 1313 1927 dolor
1329 1893 1494 1937 mitiyari
1514 1893 1611 1926 solet.

914 1940 1007 1985 Kap.
1052 1940 1114 1975 25.
1167 1944 1220 1974 60.
1269 1940 1492 1984 Dionysius,
1548 1939 1613 1973 des

867 1987 1134 2031 Theophantus
1175 1987 1275 2021 Sohn
1311 1997 1376 2020 aus
1415 1986 1613 2028 Heraklea,

870 2045 947 2068 war
985 2034 1139 2068 Schfiler
1177 2034 1241 2068 des
1280 2034 1387 2067 Zeno.
1437 2033 1536 2067 Weil
1574 2043 1613 2067 er

871 2083 996 2125 spater
1021 2093 1083 2115 zur
1108 2080 1400 2124 Epikureischen
1430 2080 1519 2114 oder
1545 2081 1613 2124 Cy-

870 2127 1087 2163 renaischen
1137 2127 1374 2171 Philosophie
1432 2127 1613 2169 {ibernam

872 2174 1005 2209 erhielt
1043 2186 1082 2209 er
1120 2174 1190 2208 den
1216 2174 1418 2208 Beinamen
1451 2173 1613 2218 μεταθέ-

872 2234 992 2263 μενος.
1043 2221 1092 2255 Ει-
1112 2221 1161 2255 ist
1179 2221 1284 2256 nicht
1302 2233 1345 2255 zu
1362 2220 1615 2255 verwechseln

873 2268 942 2302 mit
962 2268 1045 2302 dem
1067 2273 1127 2310 11,
1150 2271 1198 2302 ’26
1217 2268 1431 2302 e1·w{ihnten
1453 2267 1613 2302 Stoiker.

917 2316 1086 2350 dedoctus
1111 2320 1177 2350 est:
1204 2315 1248 2349 de
1274 2315 1333 2350 fin.
1361 2315 1376 2348 Ι
1404 2319 1436 2357 6,
1463 2318 1507 2348 20
1534 2315 1566 2349 si
1591 2326 1615 2348 α

873 2362 1076 2407 Polyaeno,
1100 2363 1283 2405 familiari
1303 2373 1384 2404 suo,
1403 2363 1616 2406 ⁸(geometrica

870 2410 1004 2444 discere
1030 2409 1211 2444 maluisset
1241 2420 1350 2453 quam
1378 2410 1482 2443 illum
1508 2409 1616 2443 etiam

870 2457 990 2500 ipsum
1014 2457 1188 2491 dedocere.

918 2514 961 2537 ew
980 2504 1128 2538 renibus
1148 2504 1337 2538 laboraret.
1383 2502 1487 2536 Nach
1507 2501 1613 2545 Diog.

876 2549 939 2584 VII
977 2554 1020 2584 37
1059 2549 1214 2585 brachte
1252 2550 1317 2584 ihn
1354 2549 1436 2583 eine
1468 2550 1615 2592 Angen-

872 2596 1074 2631 krankheit
1105 2597 1214 2641 dazn,
1251 2597 1350 2631 scine
1381 2595 1538 2630 Ansicht
1572 2606 1616 2628 zu

873 2643 1020 2678 andern.

922 2690 1108 2725 Cleanthes
1133 2702 1198 2725 ans
1225 2690 1339 2725 Assus
1363 2701 1439 2724 war
1462 2693 1502 2722 18
1524 2687 1617 2721 Jahr

873 2737 989 2771 Zenos
1006 2737 1162 2772 Schiiler
1180 2738 1255 2772 und
1277 2737 1375 2771 dann
1396 2735 1475 2770 sein
1494 2734 1615 2768 Nach-

873 2783 994 2828 folger
1019 2785 1086 2819 auf
1107 2784 1190 2819 dem
1217 2783 1416 2818 Lehrstuhl
1440 2781 1505 2816 der
1528 2781 1618 2816 Stoa

873 2829 912 2864 in
937 2831 1070 2865 Athen.
