1833 3098
322 95 715 132 TUSCULANARUM
741 93 1140 129 DISPUTATIONUM
1167 93 1209 128 V.
1239 97 1432 129 loo—104.
1569 90 1648 131 147

99 209 280 259 privatim
313 206 473 258 habent,
505 217 577 244 nec
611 211 686 243 tam
721 204 838 242 multa
872 210 910 241 et
943 216 1030 241 raro
1064 203 1211 254 vident,
1245 215 1332 241 (rum
1373 204 1410 240 in
1452 214 1519 240 sua
1559 213 1650 240 rura

100 272 309 317 venerunt3
342 277 439 315 quos
472 269 599 302 tamen
638 264 776 314 pungit
814 261 978 312 aliquid,
1019 274 1106 299 cum
1147 262 1207 298 illa
1248 261 1348 299 unde
1388 261 1554 299 habeant
1594 273 1651 299 re-

100 324 324 364 cordantur.
387 322 475 360 Dies
507 322 676 372 deficiat,
719 322 752 358 si
790 319 904 358 velim
943 321 1182 369 paupertatis
1225 332 1380 357 causam
1427 319 1651 357 defendere.

100 383 242 433 Aperta
275 382 377 420 enim
409 392 472 419 res
504 385 564 418 est
601 384 640 417 et
677 378 817 416 cotidie
862 389 933 415 nos
978 379 1059 428 ipsa
1106 383 1242 415 natura
1288 377 1489 427 admonet,
1535 389 1651 428 quam

101 442 252 492 paucis,
286 451 400 490 quam
432 439 560 489 parvis
592 436 711 475 rebus
743 442 871 487 egeat,
904 448 1019 486 quam
1053 434 1203 473 vilibus.

218 498 319 536 Num
351 498 469 547 igitur
501 494 721 545 ignobilitas
753 500 820 532 aut
846 494 1043 532 humilitas
1070 499 1136 531 aut
1163 495 1278 531 etiam
1306 493 1503 544 popularis
1531 479 1722 560 offen-3}

101 559 158 596 sio
192 557 405 607 sapientem
433 554 586 592 beatum
614 565 699 591 esse
726 550 977 603 prohibebit?
1039 552 1133 590 Vide
1167 564 1213 590 ne
1247 551 1334 602 plus
1367 551 1650 589 commendatio

100 616 139 653 in
185 615 319 665 volgus
364 619 402 651 et
444 612 538 650 haec
583 623 681 662 quae
726 612 922 662 expetitur
959 611 1080 661 gloria
1120 610 1318 648 molestiae
1358 609 1497 648 habeat
1536 622 1650 660 quam

101 673 320 724 voluptatis.
383 670 588 709 Leviculus
626 682 718 708 sane
757 676 890 708 noster
929 668 1229 720 Demosthenes,
1275 669 1340 718 qui
1380 668 1444 706 illo
1485 680 1651 706 susurro

101 731 286 770 delectari
319 742 359 767 se
391 728 545 767 dicebat
576 740 713 778 aquam
748 730 910 766 serentis
950 727 1219 776 mulierculae,
1262 734 1303 765 ut
1342 740 1424 764 mos
1463 729 1501 765 in
1537 726 1652 764 Grae-

103 791 160 828 cia
199 793 276 839 est,
317 788 680 837 insusurrantisque
721 787 832 825 alteri
873 783 958 824 ‘Hic
992 793 1051 824 est
1083 785 1147 824 ille
1181 783 1498 824 Demosthenes?
1551 784 1651 830 Quid

102 848 175 886 hoc
214 843 364 885 levius?
424 846 473 884 At
511 851 680 895 quantus
719 843 868 883 orator!
932 845 1008 883 Sed
1048 844 1148 895 apud
1194 844 1288 882 alios
1327 843 1432 894 loqui
1472 845 1652 882 videlicet

99 905 304 955 didicerat,
343 916 419 942 non
454 903 618 942 multum
650 905 733 954 ipse
767 916 912 941 secum.
976 902 1284 952 Intellegendum
1323 909 1382 940 est
1421 904 1540 953 igitur
1580 913 1724 944 nec104

98 963 260 1015 gloriam
299 962 524 1012 popularem
562 963 685 1012 ipsam
730 974 800 1012 per
839 974 924 1000 sese
964 961 1220 1012 expetendam
1259 973 1330 999 nec
1368 961 1651 1011 ignobilitatem

99 1020 436 1060 extimescendam.
509 1017 619 1058 ‘veni
663 1017 860 1072 Athenas,'
905 1022 1032 1071 inquit
1078 1020 1339 1071 Democritus,
1391 1017 1533 1070 tneque
1592 1032 1652 1058 me

100 1081 305 1131 quisquam
350 1078 403 1117 ibi
448 1075 656 1129 adgnovit.'
720 1078 972 1124 Constantem
1023 1079 1220 1117 hominem
1273 1084 1311 1116 et
1361 1090 1539 1130 gravem,
1584 1080 1650 1129 qui

99 1138 288 1189 glorietur
319 1149 339 1175 a
371 1136 491 1187 gloria
525 1149 565 1175 se
599 1137 752 1175 afuisse.
816 1138 874 1175 An
908 1137 1087 1175 tibicines
1117 1139 1240 1187 iique,
1273 1137 1341 1186 qui
1367 1137 1508 1175 {idibus
1536 1143 1652 1175 utun-

100 1203 182 1247 tur,
215 1207 304 1246 suo,
335 1207 412 1233 non
446 1195 707 1233 multitudinis
745 1195 925 1247 arbitrie,
970 1203 1106 1234 cantus
1147 1207 1410 1246 numerosque
1450 1195 1652 1234 moderan-

102 1260 183 1306 tur,
215 1256 272 1292 vir
304 1255 459 1304 sapiens
492 1253 613 1292 multo
646 1260 728 1292 arte
755 1256 901 1292 maiore
930 1254 1147 1305 praeditus,
1181 1265 1258 1291 non
1287 1254 1378 1304 quid
1406 1256 1653 1293 verissimum

103 1315 170 1364 sit,
203 1312 270 1351 sed
304 1311 396 1362 quid
430 1311 521 1350 velit
552 1312 705 1364 volgus,
739 1311 946 1363 exquiret?
1007 1314 1064 1350 An
1098 1314 1308 1364 quicquam
1342 1312 1500 1351 stultius
1529 1325 1658 1363 quam,

104 1383 200 1422 quos
234 1370 406 1421 singulos
439 1371 542 1408 sicut
573 1373 774 1421 operarios
814 1371 1080 1421 barbarosque
1122 1377 1367 1422 contemnas,
1407 1384 1474 1409 eos
1514 1371 1658 1422 aliquid

150 1530 336 1574 privatim.
386 1528 453 1563 Die
480 1529 586 1563 Hdss
614 1529 736 1564 haben
765 1530 842 1573 pri-

103 1578 197 1618 vati,
223 1576 311 1610 aber
336 1575 399 1610 der
425 1575 632 1620 Gegensatz
667 1576 716 1611 ist
741 1577 845 1611 nicht

105 1624 168 1668 qui
192 1624 426 1668 mayistratus
451 1623 599 1665 habent,
627 1623 784 1658 sondern
805 1624 844 1657 in

102 1670 248 1714 publico
274 1671 379 1713 copia
403 1673 463 1704 est.

151 1717 283 1761 punyit
308 1717 456 1761 aliquid.
508 1716 575 1751 Die
602 1715 845 1761 Verwaltung

105 1763 170 1798 der
195 1763 394 1798 Provinzen
419 1764 619 1798 benutzten
644 1762 755 1806 viele,
782 1775 844 1797 um

106 1811 184 1845 sich
216 1811 301 1844 dort
334 1810 576 1844 Kunstwerke
615 1821 843 1845 zusammen-

106 1857 349 1902 znplfindern,
370 1856 458 1891 oder
478 1857 612 1891 andere
639 1857 844 1891 bereicher-

104 1907 169 1939 ten
207 1904 285 1938 sich
324 1904 408 1938 dorla
444 1915 501 1946 so,
546 1903 624 1938 dass
670 1904 722 1938 sie
767 1903 844 1938 sich

106 1950 350 1985 Kunstwerke
376 1950 512 1984 kaufen
537 1949 711 1986 konnten.

152 1997 244 2041 Kap.
266 1996 329 2032 36.
378 1999 452 2032 103.
468 1998 665 2041 popularis
684 1998 844 2040 offensio,

105 2044 138 2079 d.
164 2044 187 2079 i.
221 2045 358 2087 offensa
389 2045 573 2086 voluntas,
605 2045 750 2079 invidia
778 2055 843 2089 po-

99 2092 194 2136 puli.
245 2090 317 2124 Der
350 2089 557 2135 Gegensatz
591 2091 641 2125 ist
676 2101 845 2126 commen-

104 2138 206 2218 ‹xlsatio
237 2138 278 2172 in
301 2138 445 2182 volyus,
483 2137 709 2173 Beliebtheit
747 2138 846 2173 beim

139 2184 234 2219 olke.

159 2230 248 2265 Vide
278 2241 339 2274 ne,
373 2243 399 2265 s.
428 2231 441 2265 1
469 2234 530 2274 34,
557 2234 601 2265 83
635 2232 715 2266 vide
748 2243 791 2266 ne
824 2244 847 2266 a

104 2277 210 2312 malis
235 2297 279 2302 —
299 2279 426 2322 possit.

152 2326 270 2359 noster
310 2324 580 2359 Demosthenes:
638 2325 686 2359 So
730 2327 846 2360 nennt

106 2370 178 2406 Cic.
199 2370 269 2405 den
290 2370 574 2414 Demosthenes,
601 2372 685 2406 weil
707 2383 745 2407 er
764 2371 842 2407 ihm

105 2417 159 2452 als
196 2417 341 2452 Redner
375 2418 472 2452 nahe
511 2420 622 2454 steht.
672 2418 755 2463 Vgl.
792 2419 843 2454 ΠΙ

107 2468 162 2506 10,
182 2468 226 2499 22
245 2463 477 2508 Peripatetici
494 2466 695 2508 familiaris
715 2467 842 2501 nostri.

152 2511 222 2546 Sed
272 2512 374 2554 apud
421 2513 529 2547 alios:
578 2513 672 2547 auch
725 2512 844 2548 dieses

104 2556 260 2593 schroffe
286 2558 362 2592 und
393 2558 601 2603 unrichtige
626 2559 746 2595 Urteil
778 2560 844 2594 hat

106 2604 179 2640 Cic.
207 2615 273 2639 aus
299 2604 419 2639 seiner
444 2605 579 2649 griech.
608 2605 737 2647 Quelle
762 2606 843 2641 her-

103 2652 435 2696 fibergenommen‚
455 2651 550 2686 ohne
571 2651 650 2686 dass
671 2663 709 2687 er
728 2653 845 2688 selbst

104 2698 204 2733 djese
242 2698 399 2732 Ansicht
443 2698 532 2732 iiber
576 2698 844 2734 Demosthenes

102 2745 225 2788 teiste,
258 2745 349 2779 iiber
375 2745 446 2779 den
472 2755 511 2779 er
534 2744 716 2779 vielmehr
742 2748 844 2780 sonst

102 2791 140 2826 in
202 2792 267 2826 der
329 2791 670 2826 anerkennendsten
720 2791 844 2827 Weise

106 2838 259 2884 spricht·;
306 2849 356 2873 or.
391 2842 427 2883 7,
454 2842 497 2873 23
523 2839 587 2873 hoc
612 2850 674 2874 nec
698 2840 846 2884 gravior

917 1531 1054 1565 eaestz'tit
1079 1531 1269 1575 qaisquam
1302 1542 1366 1566 nec
1397 1532 1567 1566 callidior
1599 1543 1663 1567 nec

917 1579 1158 1621 temperatior.

968 1628 1046 1658 104.
1084 1624 1332 1667 Democritus,
1372 1626 1436 1660 der
1473 1625 1662 1660 bekannte

918 1671 1238 1716 Naturphilosoph
1264 1683 1328 1707 aus
1345 1671 1503 1715 Abdera,
1531 1672 1662 1706 dessen

918 1717 1102 1753 Bliitezeil:
1132 1718 1169 1752 in
1197 1718 1255 1753 die
1283 1719 1363 1754 Zeit
1395 1720 1457 1754 des
1483 1719 1661 1763 pelopon-

918 1764 1112 1800 nesischen
1131 1765 1286 1809 Krieges
1306 1766 1401 1801 faut.
1448 1766 1557 1801 Seine
1578 1765 1662 1800 Rei-

919 1822 983 1846 sen
1009 1813 1177 1846 erwahnt
1203 1812 1274 1847 Cic.
1304 1813 1353 1847 IV
1381 1817 1442 1857 19,
1469 1817 1524 1847 44.
1577 1812 1662 1847 Dio-

918 1869 1029 1902 genes
1043 1858 1094 1892 IX
1110 1863 1154 1894 36
1170 1860 1323 1901 erziihlt,
1351 1859 1547 1895 Demokrit
1565 1859 1662 1894 habe

919 1916 983 1940 aus
1022 1906 1262 1950 Verachtung
1305 1918 1423 1951 gegen
1463 1907 1587 1941 seinen
1625 1906 1663 1940 in

917 1963 1011 1996 ganz
1075 1953 1348 1988 Griechenland
1414 1955 1660 1988 verbreiteten

917 1999 1056 2042 Ruhm,
1093 2000 1148 2034 als
1175 2011 1214 2034 er
1238 2000 1335 2035 nach
1360 2001 1485 2035 Athen
1512 2000 1662 2045 gekom-

916 2056 1018 2088 men,
1053 2046 1138 2081 dort
1174 2046 1388 2081 niemandes
1426 2047 1662 2092 personliche

919 2093 1214 2138 Bekanntschaft
1239 2094 1429 2138 gemacht,
1459 2095 1534 2128 und
1560 2094 1664 2129 ffihrt

920 2139 1030 2185 dabei
1056 2140 1155 2174 diese
1169 2140 1378 2185 Ausserung
1401 2151 1473 2175 von
1493 2141 1570 2175 ihm
1597 2152 1660 2175 an:

920 2185 1040 2241 ἠξῖθον
1076 2185 1148 2230 γάρ
1182 2199 1296 2231 φησιν
1335 2185 1372 2227 ἐς
1406 2185 1562 2232 Ἀθήνας
1599 2188 1663 2222 καὶ

920 2245 1021 2272 ουτις
1046 2246 1090 2278 με
1119 2232 1293 2277 ἔγνωκεν.

920 2281 1100 2360 Vyloria,
1138 2281 1387 2325 Ruhmsucht‚
1428 2282 1462 2316 II
1501 2286 1564 2325 20,
1605 2286 1660 2316 46.

963 2375 1073 2409 multo
1093 2378 1170 2409 arte
1189 2376 1333 2410 maiore.
1364 2375 1555 2410 Zwischen
1571 2375 1661 2411 zwei

916 2431 988 2466 eng
1008 2422 1398 2467 zusammengehorige
1414 2423 1543 2457 Worte
1569 2422 1661 2456 wird

915 2468 1020 2502 nicht,
1034 2469 1152 2503 selten
1171 2469 1230 2503 ein
1247 2470 1355 2504 Wort
1375 2469 1661 2514 eingeschoben‚

916 2526 979 2548 um
1006 2514 1066 2550 die
1092 2515 1226 2550 beiden
1245 2516 1404 2561 Begriffe
1436 2529 1479 2550 zu
1506 2516 1662 2551 sondern

917 2561 993 2595 und
1026 2561 1137 2606 jeden
1177 2563 1319 2597 starker
1350 2563 1660 2598 hervorzuheben.

918 2608 952 2642 11
976 2612 1006 2651 1,
1026 2613 1048 2642 4
1067 2610 1221 2644 seeundo
1243 2611 1281 2644 id
1302 2611 1447 2653 populo.
1499 2610 1544 2643 de
1566 2613 1657 2644 orat.

915 2654 949 2688 Π
975 2658 1031 2696 42,
1061 2659 1126 2689 178
1147 2657 1263 2699 plura
1288 2658 1382 2690 enim
1411 2657 1521 2690 multo
1547 2656 1659 2690 homi-

919 2711 980 2735 nes
1008 2702 1188 2737 iudicant.

964 2747 1028 2781 An
1064 2749 1255 2792 quicquam
1292 2750 1360 2783 cet.
1410 2748 1479 2783 Mit
1518 2748 1657 2783 diesem

920 2793 1027 2829 Satze
1063 2795 1241 2840 ermutigt
1279 2795 1452 2830 Sokrates
1491 2795 1551 2830 bei
1590 2795 1659 2830 Xe-

918 2842 1029 2885 noph.
1056 2841 1206 2876 Memor.
1235 2842 1285 2876 111
1319 2846 1355 2883 7,
1390 2847 1409 2877 6
1443 2842 1513 2877 den
1547 2842 1659 2877 Char-

1309 2899 1378 2934 10*
