1811 3103
333 89 727 126 TUSCULANARUM
754 90 1153 126 DISPUTATIONUM
1182 90 1224 125 V.
1251 95 1401 126 46-49.
1567 91 1647 131 121

99 199 187 237 bilis
232 199 323 238 boni
369 201 440 238 viri
486 206 524 239 et
563 200 725 239 honesta
763 211 875 250 erge,
916 201 1098 249 quoniam
1139 199 1351 238 laudabilis.
1415 200 1467 238 Ex
1509 199 1712 251 quibus48

99 257 292 297 bonorum
337 258 488 297 beatam
533 260 649 297 vitam
694 270 779 296 esse
825 257 1083 296 concluditur.
1152 257 1323 309 Etenim,
1373 271 1443 309 pro
1489 258 1651 297 deorum

100 322 215 367 atque
249 316 449 355 bominum
485 315 617 355 fidem!
657 328 845 367 parumne
879 317 1077 366 cognitum
1112 321 1171 353 est
1203 317 1475 366 superioribus
1508 319 1653 356 nostris

99 374 449 427 disputationibus,
492 387 539 413 an
578 374 845 413 delectationis
887 379 925 412 et
968 374 1037 411 otii
1079 374 1334 412 consumendi
1377 387 1490 412 causa
1534 375 1652 413 locuti

101 444 254 485 sumus,
299 435 513 484 sapientem
558 433 604 471 ab
651 434 756 471 omni
801 433 1060 470 concitatione
1105 433 1240 483 animi,
1288 444 1402 482 quam
1448 433 1653 483 perturba-

99 492 245 530 tionem
290 504 401 543 voco,
443 504 599 542 semper
641 502 794 541 vacare,
836 502 992 541 semper
1033 491 1071 528 in
1114 492 1241 528 animo
1285 492 1368 529 eius
1411 502 1495 528 esse
1539 491 1653 541 placi-

105 549 302 588 dissimam
336 547 500 601 pacem?
562 548 628 587 Vir
659 550 779 599 igitur
811 554 1051 599 temperatus
1079 554 1282 600 constans,
1315 550 1398 587 sine
1432 555 1537 586 metu
1572 551 1654 587 sine

103 608 366 659 aegritudine,
411 609 493 646 sine
527 607 723 645 alacritate
757 606 845 659 ulla,
891 608 973 644 sine
1012 606 1171 645 libidine
1213 619 1342 645 nonne
1381 604 1547 646 heatus?
1608 608 1657 645 At

104 677 259 717 semper
292 668 445 717 sapiens
479 665 582 704 talis:
622 677 777 716 semper
809 666 929 715 igitur
961 664 1109 703 beatus.
1173 665 1250 703 Iam
1292 678 1382 704 vero
1422 667 1488 716 qui
1527 670 1657 716 potest

103 725 161 762 vir
193 723 319 771 honus
353 736 429 762 non
462 723 508 762 ad
541 724 597 776 id,
630 723 732 774 quod
766 723 956 762 laudabile
991 725 1057 775 sit,
1091 725 1219 762 omnia
1246 724 1415 776 referre,
1448 736 1546 775 quae
1579 725 1657 774 agit

103 794 281 834 quaeque
324 779 470 821 sentit?
531 781 668 820 Refert
705 787 834 820 autem
874 783 1001 820 onmia
1041 782 1085 820 ad
1128 782 1240 821 beate
1277 782 1503 834 vivendum3
1543 782 1655 821 beata

101 842 221 891 igitur
252 841 327 879 vita
358 839 581 892 laudabilis3
626 852 698 879 nec
738 842 945 891 quicquam
986 842 1069 879 sine
1108 842 1251 880 virtute
1290 840 1499 879 laudabile:
1544 840 1654 879 beata

98 900 217 950 igitni
249 899 323 937 vita
356 911 414 936 ui
418 904 500 937 tute
534 899 752 937 conficitur.

216 956 342 1008 Atque
380 956 453 995 hoc
493 958 548 996 sic
588 959 702 996 etiam
745 957 1011 997 concluditur:
1052 970 1125 996 nec
1166 959 1205 996 in
1247 959 1388 996 misera
1430 959 1506 996 vita
1548 944 1726 1008 quic-17

99 1027 214 1066 quam
248 1021 308 1054 est
339 1015 599 1066 piaedicabile
633 1022 700 1055 aut
725 1016 970 1067 glotiandum
1003 1029 1075 1055 nec
1108 1018 1147 1054 in
1181 1028 1243 1068 ea,
1276 1029 1373 1067 quae
1407 1028 1479 1055 nec
1512 1018 1654 1055 misera

100 1076 150 1113 sit
187 1086 260 1113 nec
292 1068 414 1113 beata.
476 1073 526 1113 Et
564 1080 623 1113 est
660 1076 699 1113 in
740 1074 864 1125 aliqua
905 1077 980 1113 vita
1018 1074 1277 1126 praedicabile
1317 1075 1461 1126 aliquid
1501 1082 1539 1114 et
1577 1074 1655 1126 glo-

101 1132 281 1171 riandum
315 1145 358 1171 ac
390 1144 483 1184 prae
517 1145 558 1171 se
591 1133 817 1185 serendum,
850 1139 893 1172 ut
924 1133 1231 1184 Epaminondas:

318 1214 500 1253 Consiliis
532 1216 680 1253 nostris
711 1217 800 1253 laets
832 1220 889 1254 est
922 1220 1080 1254 attonsa
1112 1216 1336 1262 Laconum,

100 1290 144 1322 ut
174 1284 399 1323 Africanus:

147 1434 204 1467 48.
250 1430 317 1467 Vir
354 1433 468 1477 iyitur
513 1437 728 1478 temperatus
772 1436 840 1468 eet.

100 1478 175 1514 Das
201 1478 251 1513 ist
285 1491 367 1513 zum
401 1479 537 1515 dritten
567 1480 643 1516 Mal
675 1480 840 1516 derselbe

101 1525 260 1569 Beweis,
294 1525 372 1561 dass
405 1526 469 1561 der
494 1527 618 1562 Weise
649 1527 841 1572 gliicklich

101 1573 169 1615 sei,
201 1571 286 1607 weil
321 1583 360 1608 er
385 1573 454 1608 frei
479 1585 549 1608 von
575 1574 841 1609 Leidensehaf-

102 1621 165 1655 ten
191 1618 251 1655 ist.

147 1667 225 1702 sine
263 1667 462 1702 alacritate.
513 1668 629 1702 Unter
667 1668 842 1702 alacritas

915 1433 1020 1468 nicht
1040 1433 1157 1468 selten
1177 1433 1237 1467 bei
1257 1434 1412 1479 ylariari
1431 1433 1556 1468 findet.
1585 1433 1660 1468 Der

914 1479 1056 1514 Beweis
1071 1480 1120 1514 ist
1130 1480 1339 1524 folgender:
1353 1481 1463 1515 Jedes
1476 1480 1599 1516 Leben
1609 1481 1659 1515 ist

915 1527 1100 1561 entweder
1115 1527 1305 1572 giticklieh
1320 1527 1408 1562 oder
1420 1527 1661 1572 unglsieklich

915 1573 1002 1608 oder
1046 1574 1173 1608 keines
1216 1585 1288 1609 von
1335 1573 1492 1609 beidem.
1542 1575 1659 1610 Preis-

914 1620 1058 1665 wiirdig
1083 1620 1132 1655 ist
1154 1621 1277 1655 weder
1302 1620 1367 1655 das
1394 1621 1661 1666 ungltickliche

915 1667 1037 1702 Leben
1057 1668 1151 1702 noch
1173 1667 1380 1713 dasjenige,
1408 1667 1568 1702 welches
1588 1680 1659 1703 we·

100 1713 268 1748 versteht
300 1713 373 1748 Cic.
412 1714 508 1757 hier,
548 1725 623 1749 was
664 1725 702 1749 er
740 1717 843 1750 sonst

102 1761 243 1796 laetitia
267 1762 419 1805 gestiens
454 1761 542 1796 oder
579 1762 714 1805 nimia,
752 1765 771 1804 ξ
797 1765 841 1796 42

101 1809 257 1843 insolens
281 1808 457 1843 alacritas
481 1811 604 1844 nennt.

149 1855 235 1889 Iam
265 1865 357 1890 vero.
407 1855 480 1890 Das
515 1856 659 1891 obex-ste
692 1855 842 1901 Princip

103 1900 232 1946 (τέλος)
265 1901 328 1936 des
361 1902 550 1938 Handelns
587 1903 662 1937 und
700 1903 842 1938 Lebens

102 1950 152 1984 ist
189 1949 248 1984 die
279 1949 589 2006 Glfickseligkeit.
641 1950 742 1985 Stob
776 1951 842 1985 ecl.

101 1997 134 2031 II
139 2008 189 2051 p.
207 1999 273 2031 138
299 1993 367 2040 τὴν
392 1994 461 2040 μὲν
488 1993 734 2055 εὐδαιμονίαν
761 2009 844 2031 σκο-

103 2040 176 2078 πὸν
211 2040 426 2087 funtanas,
459 2042 562 2083 τέλος
597 2040 633 2078 δ’
672 2042 770 2079 εἶναι
803 2041 844 2078 τὸ

104 2094 228 2145 τυχεῖν
254 2088 320 2134 τῆς
341 2071 607 2146 soffatpomfflag
639 2086 733 2134 ὅπερ
758 2104 845 2126 ταυ-

103 2135 168 2172 τὸν
189 2141 288 2172 εἰναι
307 2136 356 2184 τῷ
377 2133 630 2181 εὐδαιμονεῖν.
680 2138 755 2172 Ffir
775 2138 845 2173 den

105 2184 255 2219 KVeisen
293 2174 380 2219 ab'er
416 2184 512 2220 mufs
557 2185 622 2219 das
662 2185 845 2229 Sittliehe,

105 2231 308 2273 laudabile,
354 2231 515 2266 oberstes
560 2231 709 2276 Prineip
756 2232 845 2275 sein,

103 2277 259 2323 folglich
302 2276 386 2312 faut
431 2278 728 2323 Gliickseligkeit
770 2279 844 2313 und

107 2325 261 2370 Tugend
281 2323 522 2360 unmittelbar
542 2337 762 2361 zusammen.
802 2326 844 2360 In

106 2373 170 2407 der
212 2371 414 2406 Definition
455 2371 519 2407 der
558 2372 705 2407 Stoiker
741 2371 845 2413 τέλος

107 2417 183 2454 ἐστὶ
209 2415 250 2453 τὸ
277 2415 583 2464 ὁμολογουμένως
609 2420 675 2463 ζῆν
701 2420 749 2454 ist
767 2420 844 2454 dies

105 2465 247 2508 beides‚
279 2465 636 2511 vernunftgemasses
667 2467 742 2501 und
774 2467 844 2501 den

106 2512 338 2548 natiirh'ohen
375 2512 637 2548 Bedfirfnissen
680 2515 844 2558 entspre-

108 2560 283 2602 ehendes,
323 2559 356 2593 d.
389 2559 412 2594 i.
450 2560 679 2605 glt'ickliches
718 2561 844 2596 Leben

106 2606 328 2642 verbunden.

154 2653 245 2698 Kap.
283 2653 347 2688 17.
397 2657 453 2688 49.
491 2654 740 2698 fioriandum,
778 2654 848 2689 wie

108 2700 272 2735 nachher
303 2701 380 2735 vita
411 2701 618 2744 ylorz‘anda.
668 2701 742 2736 Das
778 2701 849 2736 Ge-

109 2747 305 2782 rundivum
330 2747 430 2782 kann
458 2747 665 2792 gebraucht
689 2748 849 2792 werden,

110 2794 158 2828 da
185 2794 244 2828 ein
264 2792 463 2829 Accusativ
489 2794 552 2829 des
577 2795 758 2829 Neutrum
785 2794 848 2829 des

109 2840 318 2876 Pronomen
343 2840 412 2876 wie
444 2842 500 2884 id,
534 2842 644 2885 idem,
676 2841 739 2876 hoc
771 2841 848 2877 sich

916 1714 980 1749 der
1002 1714 1192 1758 glsicklich
1213 1715 1309 1749 noch
1329 1715 1572 1759 ungliicklich
1592 1715 1658 1758 ἱεῖς

917 1762 1005 1796 aber
1030 1761 1089 1796 ein
1115 1761 1289 1806 gewisses
1315 1762 1440 1796 Leben
1473 1761 1523 1796 ist
1547 1762 1661 1807 preis-

916 1808 1076 1853 wiirdig‚
1126 1808 1283 1853 folglich
1333 1809 1432 1843 kann
1480 1820 1548 1843 nur
1593 1809 1658 1844 das

916 1855 1129 1899 gliickliche
1150 1854 1275 1890 Leben
1294 1855 1542 1900 preiswfirdig
1568 1856 1659 1890 sein.

916 1902 1166 1947 Preiswi'irdig
1197 1902 1247 1937 ist
1278 1903 1367 1937 aber
1392 1915 1460 1937 nur
1485 1903 1551 1937 das
1578 1903 1660 1937 sitt-

916 1949 1093 1994 lichgute.
1155 1948 1297 1984 Daraus
1351 1950 1421 1984 soll
1470 1961 1546 1984 nun
1596 1950 1661 1984 der

918 1996 1160 2041 umgekehrte
1188 1996 1332 2031 Schluss
1369 2007 1532 2041 gezogen
1569 2007 1659 2031 wer-

920 2043 1008 2086 den,
1046 2042 1127 2077 dass
1167 2043 1232 2078 das
1271 2043 1504 2089 sittiiehgute
1536 2043 1660 2078 Leben

918 2091 1013 2125 auch
1037 2089 1170 2125 immet
1195 2090 1385 2135 glucklieh
1412 2091 1475 2126 sei.

965 2137 1019 2171 Et
1055 2140 1105 2172 est
1135 2138 1176 2172 in
1207 2139 1342 2182 aliqua.
1394 2131 1492 2172 Uber
1529 2141 1560 2172 et
1598 2149 1662 2171 zur

918 2184 1153 2228 Einft'ihrung
1185 2184 1250 2218 der
1275 2183 1415 2219 Positio
1442 2184 1563 2219 minor
1595 2183 1660 2219 des

919 2231 1165 2276 syllogismus
1191 2242 1219 2265 s.
1245 2244 1274 2266 z.
1301 2231 1352 2265 III
1381 2235 1420 2275 8,
1450 2235 1502 2266 18.

964 2281 1005 2312 ut
1035 2278 1333 2322 Epaminondas,
1366 2279 1479 2313 nami,
1517 2278 1559 2314 de
1592 2289 1661 2313 sua

915 2325 993 2360 vita
1018 2326 1196 2370 ylorz'atus
1222 2329 1281 2360 est.

966 2372 1140 2407 Consiliis
1163 2373 1315 2407 nostris:
1333 2369 1544 2431 ἡμετέραις
1566 2373 1660 2427 βου-

916 2422 997 2459 λαῖς
1029 2417 1184 2463 Σπάρτη
1220 2432 1288 2464 μεν
1326 2416 1495 2463 ἐκείρατο
1532 2416 1660 2461 δόξαν

917 2465 992 2501 Das
1012 2466 1246 2511 Epigmmm,
1273 2477 1338 2501 aus
1359 2467 1450 2501 zwei
1469 2466 1660 2500 Distichen

916 2513 1137 2557 bestehend,
1163 2513 1271 2548 stand
1297 2513 1393 2548 nach
1418 2513 1577 2547 Pausan.
1610 2512 1661 2546 IX

923 2564 977 2604 15,
1003 2564 1025 2594 4
1051 2560 1116 2595 auf
1139 2560 1240 2595 einer
1266 2560 1397 2595 Statue
1423 2560 1486 2595 des
1512 2559 1661 2605 Epami·

919 2608 1070 2643 nondas.
1427 2646 1445 2653 ..

968 2655 1192 2698 Africanus,
1211 2654 1321 2689 nii—ml.
1343 2654 1408 2689 der
1422 2654 1559 2688 Altere.
1586 2653 1662 2686 Das

921 2701 1136 2746 Epigramm
1162 2701 1212 2736 ist
1236 2711 1308 2736 von
1333 2701 1489 2742 Ennius,
1521 2699 1597 2733 und
1623 2709 1661 2733 es

922 2747 1117 2783 sehliessen
1145 2748 1222 2783 sich
1251 2747 1367 2782 daran
1393 2747 1451 2781 die
1478 2746 1592 2780 Verse
1620 2748 1661 2789 (s.

923 2794 1004 2830 Sen.
1033 2806 1087 2839 ep.
1115 2798 1198 2837 108,
1220 2796 1296 2837 34):
1324 2794 1366 2828 Si
1390 2794 1450 2835 fas
1475 2793 1564 2827 endo
1591 2794 1663 2835 (ar-

923 2841 1123 2876 chaistisch
1149 2841 1207 2875 fiir
1235 2842 1286 2884 in)
1316 2841 1450 2885 playas
1476 2839 1663 2875 caelestum
