1811 3103
391 106 787 143 TUSCULANARUM
813 106 1212 143 DISPUTATIONUM
1239 109 1282 143 V.
1309 110 1458 144 58—63.
1617 107 1699 148 127

146 216 343 257 fortunam
375 219 545 269 experiri
578 214 748 256 meam?
811 216 908 256 Cum
941 229 980 255 se
1014 217 1077 255 ille
1112 229 1257 268 cupere
1290 218 1470 270 dixisset,
1503 218 1699 257 conlocari

145 278 260 316 iussit
291 276 489 316 hominem
522 278 562 315 in
594 288 713 315 aureo
746 275 865 327 lecto,
904 281 1026 314 strato
1059 275 1324 326 pulcherrimo
1359 277 1481 315 textili
1514 277 1699 329 stragulo,

144 335 359 385 magnificis
409 334 596 386 operibus
645 335 768 385 picto,
817 333 1036 384 abacosque
1088 333 1298 384 conplures
1342 337 1494 374 ornavit
1537 341 1698 386 argento

144 405 319 445 auroque
352 393 508 432 caelato.
571 393 670 431 Tum
709 392 755 430 ad
795 403 968 430 mensam
1008 392 1147 430 eximia
1187 392 1310 430 forma
1349 405 1494 442 pueros
1526 393 1698 432 delectos

143 453 259 491 iussit
290 453 506 491 consistere
534 462 679 501 eosque
706 456 845 488 nutum
872 449 975 488 illius
1002 451 1202 489 intuentes
1229 450 1436 501 diligenter
1462 453 1697 490 ministrare.

142 510 315 549 Aderant
346 514 555 561 unguenta,
588 519 772 559 coronae3
805 507 1117 547 incendebantur
1149 508 1308 559 odores,
1347 520 1504 547 mensae
1537 512 1755 560 conqui-e‘z

143 570 340 608 sitissimis
372 567 499 619 epulis
531 565 853 606 exstruebantur:
886 566 1109 605 fortunatus
1142 566 1216 605 sibi
1248 566 1450 605 Damocles
1482 566 1697 606 videbatur.

142 626 185 665 ln
218 627 292 665 hoc
325 626 452 665 medio
484 625 670 676 adparatu
704 624 918 675 fulgentem
956 625 1124 676 gladium
1160 637 1179 663 e
1212 625 1386 664 lacunari
1419 631 1524 664 saeta
1557 628 1698 676 equina

143 691 277 736 aptum
309 685 460 724 demitti
491 685 625 734 iussit,
657 690 700 722 ut
732 683 965 734 inpenderet
995 683 1099 722 illius
1131 683 1236 722 beati
1269 683 1500 723 cervicibus.
1563 683 1697 735 Itaque

143 756 215 783 nec
246 743 432 795 pulchros
464 742 551 780 illos
583 743 871 780 ministratores
904 742 1117 793 aspiciebat
1149 754 1221 780 nec
1254 743 1413 794 plenum
1439 744 1534 781 artis
1561 754 1696 793 argeu-

141 808 224 841 tum
257 814 330 840 nec
356 813 512 839 manum
539 800 765 852 porrigebat
797 802 837 839 in
868 812 1062 852 mensam3
1095 802 1170 839 iam
1202 802 1308 852 ipsae
1336 800 1560 839 defluebant
1586 814 1696 840 coro-

142 872 232 912 nae3
263 859 432 910 denique
465 861 639 898 exoravit
671 865 892 910 tyrannum,
924 866 967 898 ut
1000 858 1106 898 abire
1140 859 1288 911 liceret,
1321 859 1425 910 quod
1458 861 1534 897 iam
1560 859 1697 899 beatus

141 917 262 957 nollet
304 930 402 957 esse.
473 917 626 956 Satisne
670 917 826 956 videtur
870 917 1088 956 declarasse
1134 917 1342 969 Dionysius
1390 917 1485 956 nihil
1530 930 1617 957 esse
1662 919 1697 956 ei
1738 914 1747 922 ’

138 975 314 1028 beatum,
354 978 417 1016 cui
456 988 612 1027 semper
650 976 769 1027 aliqui
806 982 937 1015 terror
977 974 1216 1028 inpendeat‘?
1278 977 1405 1027 Atque
1444 977 1480 1014 ei
1519 989 1567 1015 ne
1600 978 1697 1015 inte—

139 1047 252 1086 grum
285 1035 442 1086 quidem
476 1041 576 1086 erat,
614 1041 658 1074 ut
696 1035 742 1073 ad
775 1037 964 1074 iustitiam
1004 1037 1254 1087 remigraret,
1293 1035 1443 1076 civibus
1476 1034 1697 1074 libertatem

140 1100 179 1133 et
209 1095 295 1133 iura
332 1093 535 1144 redderet3
576 1095 623 1132 iis
662 1095 765 1132 euim
806 1105 846 1132 se
886 1093 1117 1132 adulescens
1155 1094 1359 1145 inprovida
1397 1099 1522 1132 aetate
1561 1095 1696 1132 inreti-

89 1185 95 1190 .
139 1158 224 1191 erat
255 1154 394 1191 erratis
427 1164 548 1203 eaque
583 1153 843 1204 commiserat,
875 1158 919 1191 ut
951 1152 1079 1191 salvus
1113 1165 1198 1191 esse
1231 1165 1309 1191 non
1340 1157 1485 1203 posset,
1518 1154 1551 1190 si
1578 1164 1695 1191 sanus

140 1223 226 1250 esse
259 1212 464 1262 coepisset.
1712 1240 1768 1280 22

258 1268 411 1315 Quanto
451 1281 570 1320 opere
608 1281 699 1308 vero
745 1271 935 1308 amicitias
979 1269 1239 1321 desideraret,
1285 1281 1451 1320 quarum
1492 1269 1754 1322 infidelita-53

139 1333 218 1367 tem
258 1327 554 1380 extimescebat,
594 1327 804 1366 declaravit
841 1329 879 1366 in
918 1327 1164 1379 Pythagoriis
1203 1327 1357 1367 duobus
1395 1328 1488 1379 illis,
1528 1340 1696 1378 quorum

140 1398 229 1425 cum
255 1386 422 1425 alterum
448 1386 583 1425 vadem
611 1388 750 1425 mortis
777 1388 1005 1438 accepisset,
1037 1386 1147 1439 alter,
1179 1392 1223 1426 ut
1248 1386 1384 1425 vadem
1416 1398 1531 1425 suum
1558 1386 1696 1425 libera-

139 1450 217 1497 ret,
248 1450 405 1496 praesto
439 1445 579 1484 fuisset
610 1445 656 1483 ad
688 1445 826 1484 horam
857 1447 996 1484 mortis
1028 1444 1283 1497 destinatam,
1316 1442 1486 1484 ‘Utinam
1521 1441 1606 1496 ego'
1639 1446 1697 1483 in-

140 1505 225 1554 quit
256 1501 413 1542 ‘tertius
445 1503 555 1542 vobis
587 1505 736 1542 amicus
769 1500 1055 1543 adscriberer3’
1119 1503 1243 1550 Quam
1275 1503 1366 1543 huic
1399 1510 1482 1542 erat
1507 1505 1698 1543 miserum

141 1638 264 1681 Quint.
291 1639 341 1674 IV
370 1644 405 1682 1,
434 1644 478 1674 14
507 1641 732 1685 deon-§tanda
763 1644 879 1675 tamen

141 1686 228 1721 haee
249 1688 441 1731 prooemio,
466 1698 540 1723 ‘non
565 1688 815 1722 consumenda.

180 1733 298 1777 picto,
335 1734 368 1768 d.
397 1734 421 1768 i.
453 1745 522 1769 acu
549 1735 669 1778 picto,
707 1734 879 1780 gestickt.

137 1779 253 1815 Unter
277 1782 473 1825 maynifica
497 1792 606 1826 opera
637 1781 720 1816 sind
751 1781 881 1816 kunst-

137 1826 260 1862 reiche
281 1826 442 1872 Figuren
462 1840 506 1862 zu
526 1829 733 1863 verstehen.
772 1828 880 1863 Diese

1004 1641 1199 1686 inteyrum,
1233 1651 1308 1675 war
1339 1640 1417 1674 ihm
1449 1640 1554 1676 nicht
1583 1642 1698 1677 unbe-

954 1698 1146 1731 nommen,
1178 1687 1286 1722 stand
1318 1687 1395 1721 ihm
1427 1688 1532 1722 nicht
1561 1688 1647 1732 frei‚
1682 1689 1698 1723 I

955 1738 974 1776 ἓ
1001 1737 1174 1816 {smnus
1202 1781 1277 1815 Der
1296 1781 1455 1826 Tyrann,
1477 1781 1541 1816 der
1561 1782 1697 1817 andere

953 1827 1052 1862 ihrer
1089 1828 1253 1863 Freiheit
1295 1828 1469 1871 bermabt,
1512 1829 1561 1863 ist
1603 1829 1697 1864 nach

138 1872 326 1919 Teppiche
346 1875 489 1910 hiessen
509 1875 742 1921 phrygische.
769 1875 879 1920 Verg.

136 1921 226 1955 Aen.
254 1920 305 1955 111
330 1925 410 1957 484.

185 1971 240 2003 62.
267 1972 453 2013 unymnta
485 1979 652 2004 coronae:
687 1969 751 2003 das
764 1970 880 2013 Asyn-

137 2014 250 2050 debon
282 2015 342 2050 bei
374 2016 464 2051 zwei
495 2015 697 2061 Begriffen‚
731 2015 789 2050 die
822 2028 880 2050 zu-

137 2072 304 2097 sammen
329 2061 389 2096 ein
416 2063 554 2097 Ganzes
580 2062 723 2107 bilden,
756 2074 782 2097 s.
808 2075 836 2097 z.
864 2064 880 2097 Ι

139 2112 200 2152 14,
238 2112 280 2143 31
332 2110 601 2153 sepulchrorum
650 2113 880 2145 monumenta

137 2156 262 2200 eloyia.
298 2156 440 2191 Anders
465 2156 515 2191 ist
533 2157 780 2201 pulcherrimo
805 2161 878 2191 teoe-

137 2202 196 2236 mi
220 2204 381 2247 strayulo
406 2214 448 2237 zu
469 2204 649 2246 erklarem
676 2215 734 2238 wo
756 2205 878 2238 textile

136 2250 338 2294 stragulum
364 2249 472 2285 einen
496 2250 641 2295 Begriff
663 2250 792 2285 bildet.

185 2297 471 2339 exstruebantur,
487 2298 599 2332 ‘hoch
619 2298 876 2342 ausgetfirmff.

138 2342 183 2377 de
210 2353 282 2378 sen.
306 2347 360 2386 13,
387 2347 432 2378 44
457 2348 555 2379 earet
579 2345 696 2389 epulis
720 2348 876 2380 eoestrue-

137 2390 252 2434 tisque
275 2391 406 2425 mensis
436 2394 468 2426 et
498 2392 745 2436 frequentibus
767 2402 876 2436 poeu-

137 2436 194 2471 lis.
227 2436 391 2472 Ov.Met.
408 2437 457 2472 XI
474 2442 540 2473 119
566 2449 706 2473 mensas
725 2449 878 2483 posuere

136 2483 298 2518 ministri
322 2487 521 2520 exstructas
546 2486 714 2530 dapibus.

184 2531 286 2574 ipsae
321 2531 539 2574 defluebant,
577 2533 628 2567 sie
665 2533 774 2568 fielen
807 2543 879 2567 von

139 2576 252 2611 selbst
284 2577 416 2619 herab.
459 2579 507 2613 da
539 2578 739 2614 Damokles
774 2580 879 2614 nicht

137 2623 203 2658 auf
235 2624 286 2658 sie
323 2623 480 2659 achtete.
530 2626 682 2670 defluere
712 2626 878 2661 bezeich-

137 2671 201 2704 net
226 2670 289 2705 das
321 2671 577 2715 allmiihliche‚
612 2673 706 2706 ohne
739 2672 878 2708 aussere

137 2716 284 2752 Gewalt
326 2718 588 2753 stattfindende
627 2719 876 2754 Herabfallen.

138 2762 172 2797 S.
193 2776 221 2798 z.
242 2763 258 2797 Ι
278 2768 335 2807 25,
355 2769 398 2799 62
425 2766 653 2809 defluoeimus.
693 2765 788 2800 Phil.
811 2767 878 2800 XII

137 2814 170 2854 3,
186 2813 206 2844 8
229 2812 393 2846 excident
417 2813 547 2856 yladii,
571 2814 683 2856 fluent
708 2824 812 2848 arma
838 2813 879 2848 de

138 2858 316 2894 manibus.

955 1875 1142 1910 stoischen
1177 1874 1361 1919 Begriffen
1396 1877 1560 1910 insanus.
1611 1876 1698 1910 Man

954 1921 1109 1957 beaehte
1135 1921 1194 1956 die
1220 1921 1482 1957 paronomasie
1508 1923 1630 1958 salvus
1653 1943 1696 1948 —

954 1979 1077 2003 sanus.

1000 2015 1179 2060 Kap.„·2·2.
1208 2019 1262 2051 63.
1292 2016 1331 2050 in
1350 2015 1586 2061 Pythayoriis
1610 2017 1697 2051 duo-

954 2063 1028 2098 bus.
1090 2062 1188 2098 Uber
1219 2064 1260 2097 in
1292 2074 1319 2097 s.
1347 2075 1374 2098 Z.
1402 2063 1453 2097 ΙΙΙ
1488 2067 1546 2105 18,
1581 2067 1624 2098 39
1656 2065 1697 2098 in

952 2121 1030 2154 quo.
1060 2130 1103 2135 —
1130 2108 1276 2144 Andere
1303 2112 1425 2144 setzen
1455 2110 1526 2144 den
1552 2109 1696 2145 Vorfall

951 2158 990 2191 in
1017 2157 1075 2191 die
1095 2156 1403 2201 Regierungszeit
1428 2156 1491 2191 des
1513 2157 1696 2202 jiingeren

952 2203 1092 2247 Dionys
1119 2204 1207 2237 oder
1232 2203 1296 2238 des
1316 2203 1494 2238 Phalaris.
1531 2204 1600 2239 Die
1620 2204 1695 2238 bei-

951 2251 1021 2285 den
1052 2250 1222 2285 Freunde
1261 2250 1408 2285 werden
1439 2250 1585 2285 Damon
1621 2251 1696 2285 und

950 2297 1131 2339 Phintias,
1161 2294 1380 2341 Euphantus
1406 2298 1481 2332 und
1507 2297 1694 2340 Eukribns,

950 2345 1073 2379 Morus
1099 2344 1173 2378 und
1201 2344 1428 2379 Selinuntius
1455 2346 1628 2389 genannt.

998 2392 1123 2426 vadem
1160 2392 1302 2432 mortis,
1341 2391 1375 2426 d.
1401 2391 1424 2426 i.
1465 2391 1525 2426 ein
1563 2392 1695 2436 Biirge‚

951 2438 1015 2472 der
1057 2438 1118 2473 fiir
1161 2438 1231 2473 den
1272 2438 1352 2473 Tod
1397 2439 1496 2473 eines
1534 2439 1695 2474 anderen

952 2485 1097 2520 eintritt
1121 2485 1195 2519 und
1222 2485 1337 2520 selbst
1368 2485 1439 2520 den
1466 2485 1547 2520 Tod
1573 2497 1616 2519 zu
1641 2496 1696 2519 er-

950 2532 1073 2567 leiden
1098 2532 1181 2573 hat,
1214 2543 1322 2567 wenn
1349 2532 1456 2577 jener
1488 2532 1566 2566 sich
1591 2532 1695 2566 nicht

952 2579 1064 2614 stent.
1098 2579 1143 2614 de
1170 2578 1231 2614 off.
1257 2580 1306 2613 III
1335 2583 1389 2621 10,
1415 2583 1461 2613 45
1488 2590 1551 2613 vas
1576 2579 1696 2621 factus

950 2626 998 2660 sit
1028 2627 1118 2660 alter
1143 2627 1220 2661 eius
1244 2627 1405 2660 sistendi.
1455 2625 1624 2661 Ambros.
1650 2626 1695 2659 de

953 2672 1011 2708 off.
1040 2673 1124 2707 cler.
1151 2672 1202 2706 111
1229 2683 1259 2706 c.
1287 2676 1329 2706 ‘21
1361 2683 1403 2706 (tc
1428 2683 1472 2707 oze
1499 2672 1695 2706 revertendi

952 2723 1106 2754 mutaret
1131 2720 1235 2760 fides,
1275 2719 1397 2753 vadem
1438 2720 1562 2753 mortis
1593 2719 1694 2753 obtu-

953 2766 995 2800 lit
1025 2777 1067 2800 ea
1099 2766 1324 2807 condicione,
1359 2769 1400 2799 ut
1430 2766 1463 2799 si
1494 2766 1569 2809 ipse
1599 2765 1694 2806 defo-

954 2816 1005 2847 ret
1036 2813 1084 2847 ad
1117 2813 1349 2847 constitutum
1381 2813 1491 2853 diem,
1525 2821 1588 2846 vas
1619 2812 1695 2846 eius

951 2860 1022 2894 sibi
1041 2870 1112 2903 pro
1139 2869 1175 2893 eo
1203 2860 1422 2894 moriendum
1454 2859 1691 2903 adynosceret.
