1833 3098
372 84 764 122 TUSCULANARUM
789 84 1184 120 DISPUTATIONUM
1210 85 1252 121 V.
1281 88 1430 120 85—89.

1595 84 1674 125 141

130 209 299 250 quorum
332 203 497 248 uterque
531 196 773 235 honestatem
805 196 860 233 sic
893 194 1169 247 conplectitur,
1203 201 1245 234 ut
1276 196 1421 247 omnia,
1461 206 1560 246 quae
1592 197 1675 234 sine

131 268 174 296 ea
208 258 304 308 sint,
335 255 448 307 longe
481 260 585 294 retro
618 253 796 306 ponenda
829 259 995 292 censeat.

1057 253 1210 304 Reliqui
1247 253 1389 292 habere
1423 266 1463 292 se
1497 253 1677 293 videntur

130 316 352 367 angustius,
392 319 550 353 enatant
585 319 730 352 tamen:
774 311 987 363 Epicurus,
1025 310 1285 362 Hieronymus
1323 319 1362 350 et
1399 314 1432 350 si
1470 315 1536 363 qui
1575 320 1678 365 sunt,

131 375 199 425 qui
230 373 429 412 desertum
460 371 555 410 illud
582 371 848 409 Carneadeum
880 375 1020 408 curent
1046 370 1267 408 defendere.

1329 369 1449 408 Nemo
1482 378 1541 410 est
1573 373 1677 410 enim

130 444 268 471 eorum
300 433 393 482 quin
426 430 618 469 bonorum
649 431 819 468 animum
852 434 963 479 putet
1001 440 1086 466 esse
1125 428 1294 466 iudicem
1333 440 1501 479 eumque
1534 430 1676 468 condo-

131 491 308 541 cefaciat‚
347 495 390 528 ut
428 501 489 540 ea,
528 499 625 538 quae
664 487 763 525 hona
802 486 946 525 malave
980 486 1200 537 videantur,
1245 488 1369 537 possit
1412 494 1675 527 contemnere.

131 549 227 588 Nam
259 560 357 600 quae
391 547 459 586 tibi
489 546 650 597 Epicuri
676 545 846 597 videtur,
878 545 1012 584 eadem
1045 547 1119 584 erit
1145 544 1382 596 HieronymP
1403 551 1441 584 et
1469 544 1677 585 Carneadis
1691 558 1734 589 88

131 619 247 647 causa
280 613 318 646 et
350 604 508 645 hercule
541 606 715 643 omnium
746 603 999 654 reliquorum.

132 672 193 706 tra
231 672 395 705 mortem
439 670 505 702 aut
548 662 721 702 dolorem
765 660 952 714 paratus?
1013 662 1222 702 Ordiamur
1265 661 1311 701 ab
1357 674 1421 715 eo,

1062 604 1158 650 Quis
1189 605 1292 642 enim
1326 616 1462 655 parum
1495 610 1555 643 est
1587 617 1676 643 con-

1464 664 1497 701 si
1541 662 1678 715 placet,

131 736 248 776 quem
279 723 453 775 mollem,
485 734 601 773 quem
633 721 893 772 voluptarium
925 721 1102 760 dicImus.

253 779 382 828 Quid?
425 782 458 819 is
501 780 571 819 tibi
615 786 832 819 mortemne
878 780 1030 819 videtur
1075 786 1141 819 aut
1184 779 1357 819 dolorem
1401 777 1568 819 timere?
1612 782 1679 831 qui

132 853 222 880 eum
259 841 380 891 diem,
419 851 494 891 quo
533 841 717 891 moritur,

754 838 910 878 beatum
949 839 1132 891 appellat,
1170 840 1440 890 maxumisque
1477 838 1678 878 doloribus

129 899 308 938 adfectus
346 910 414 938 eos
458 899 564 950 ipsos
608 899 857 937 inventorum
900 910 1061 937 suorum
1105 899 1292 937 memoria
1330 904 1368 936 et
1408 897 1678 936 recordatione

131 958 324 1009 confutat,
356 969 428 997 nec
460 956 556 996 haec
588 957 644 996 sic
677 958 772 1009 agit,
804 962 847 996 ut
879 969 925 995 ex
958 962 1133 1008 tempore
1167 958 1278 1007 quasi
1309 957 1464 995 effutire
1491 956 1677 996 videatur.

130 1016 184 1056 De
224 1021 349 1055 morte
389 1017 492 1055 enim
529 1017 582 1054 ita
621 1017 757 1067 sentit,
796 1022 839 1055 ut
871 1015 1059 1055 dissoluto
1092 1017 1285 1054 animante
1319 1027 1478 1054 sensum
1511 1017 1678 1054 exstinc-

130 1080 214 1115 tum
259 1081 387 1127 putet,
432 1073 535 1126 quod
580 1081 708 1114 autem
754 1087 872 1113 sensu
917 1081 1063 1127 careat,
1108 1074 1203 1113 nihil
1247 1074 1293 1113 ad
1337 1087 1407 1113 nos
1451 1074 1490 1113 id
1534 1073 1679 1113 iudicet

129 1135 340 1186 pertinere.

401 1132 496 1172 Item
530 1133 577 1172 de
609 1133 742 1172 dolore
775 1140 881 1172 certa
912 1133 1029 1172 habet
1067 1145 1165 1184 quae
1206 1139 1412 1184 sequatur,

129 1192 372 1245 gnitudinem
404 1191 592 1231 brevitate
625 1192 866 1244 consolatur,
904 1192 1227 1243 longinquitatem
1259 1192 1425 1230 levitate.

1450 1135 1562 1172 cuius
1600 1145 1678 1171 ma·

129 1251 219 1291 dem
249 1253 314 1290 isti
339 1250 585 1302 grandiloqui
611 1258 746 1290 contra
771 1251 867 1290 haec
894 1251 987 1303 duo,
1021 1263 1119 1303 quae
1150 1252 1314 1289 maxime
1342 1257 1505 1302 angunt,
1537 1250 1677 1290 melius

129 1322 170 1349 se
203 1309 346 1349 habent
378 1322 491 1360 quam
524 1307 748 1361 Epicurus?
780 1322 828 1349 an
860 1310 906 1349 ad
933 1317 1080 1362 cetera,
1112 1322 1210 1361 quae
1238 1309 1336 1348 mala
1361 1316 1566 1361 putantur,
1600 1321 1677 1348 non

131 1438 175 1469 31
196 1435 462 1480 sepulchrorum
481 1438 720 1477 monumenta,
739 1435 864 1480 elogia.

128 1481 244 1525 1113,
283 1485 302 1516 6
338 1482 502 1517 omnibus
539 1482 678 1526 opibus,
716 1483 864 1517 viribus.

128 1527 163 1562 V
188 1531 265 1571 §73
296 1532 421 1564 nostra
450 1529 608 1571 honesta,
639 1530 775 1573 tua-pia.
825 1529 866 1563 Iu

129 1575 201 1610 den
244 1576 398 1610 Worten
446 1575 539 1620 lie-gt
585 1576 756 1611 iiberdies
807 1576 866 1610 ein

129 1622 309 1667 Zeugma,
335 1622 383 1657 da
407 1634 492 1657 man
517 1622 620 1658 nicht
650 1624 759 1658 minis
791 1634 866 1658 cor-

129 1673 253 1714 rupta,
274 1669 429 1704 sondern
449 1670 617 1705 deterrita
638 1672 731 1715 sagt.
782 1670 865 1715 Vgl.

129 1720 192 1759 23,
218 1720 262 1752 66
288 1717 329 1752 iu
353 1717 466 1752 caede.

175 1764 303 1798 habere
327 1774 362 1799 se
382 1784 424 1789 -
445 1764 653 1809 anyu-stius,
679 1764 712 1799 d.
740 1763 762 1799 i.
783 1764 866 1808 plu-

128 1810 232 1846 ribus
250 1811 528 1854 difficultatibus
546 1812 679 1857 uryeri.
701 1831 743 1835 ——
760 1811 864 1845 Ena-

128 1860 206 1892 tare
225 1874 269 1887 =
289 1869 324 1893 se
348 1859 525 1902 expedire.
575 1858 676 1893 weit
700 1858 866 1902 haufiger

128 1904 221 1939 wird
264 1904 332 1939 mit
370 1905 488 1940 einem
526 1905 723 1940 *ahnlichen
760 1904 866 1939 Bilde

128 1962 298 1997 emergere
329 1954 470 1997 gesag‘c.
524 1952 570 1987 ad
602 1951 678 1987 Att.
705 1951 736 1985 V
765 1955 819 1995 10,
846 1956 865 1986 3

129 2002 170 2033 ut
194 2009 307 2034 meum
333 2000 522 2034 consilium
546 2010 650 2043 saepe
682 2000 865 2043 reprehen-

128 2046 232 2088 dam,
263 2047 357 2090 quod
394 2057 465 2081 'non
499 2047 621 2091 aliqua
653 2048 795 2081 ratione
825 2057 868 2080 ea:

128 2093 194 2128 hoe
217 2094 357 2138 neqotio
382 2094 587 2128 emerserim.
638 2094 688 2128 ΙΙ).
717 2096 748 2136 8,
772 2098 788 2128 1
816 2105 868 2128 me

130 2143 164 2175 et
199 2140 423 2176 incommoda
458 2141 640 2183 valetudo,
685 2151 756 2185 qua
792 2141 866 2176 iam

128 2197 332 2222 emerseram
339 2215 345 2221 .

177 2237 301 2269 curent
332 2234 525 2277 defendere.
576 2234 648 2269 Der
673 2234 775 2270 Infin.
808 2235 868 2270 bei

129 2280 214 2315 dem
239 2280 421 2325 positiven
446 2291 573 2317 curare
604 2282 653 2316 ist
684 2282 768 2317 sehr
799 2281 866 2316 sel-

131 2328 195 2362 ten
225 2327 287 2362 bei
313 2327 449 2363 Cicero.
499 2341 533 2373 p.
570 2329 690 2364 Flacc.
722 2332 784 2372 27,
822 2332 867 2363 64

131 2384 189 2410 res
213 2375 302 2409 istas
326 2376 417 2410 scire
441 2377 593 2411 curavit.
645 2376 692 2410 ad
709 2375 796 2411 fam.
817 2375 866 2410 IX

132 2425 187 2464 10,
217 2425 234 2455 1
261 2423 355 2466 quod
388 2425 421 2457 te
449 2427 572 2467 putem
605 2424 696 2458 scire
730 2433 866 2458 curare.

129 2467 307 2514 Haufiger
332 2470 423 2505 setzt
448 2469 521 2505 Cio.
548 2470 619 2505 den
644 2470 747 2506 Infin.
772 2470 868 2505 nach

129 2525 204 2551 ‘non
229 2525 327 2551 curo.

181 2563 343 2597 animum
375 2583 417 2587 —
449 2563 620 2599 iudicem.-
657 2565 730 2609 vgl.
770 2568 788 2607 ἓ
824 2568 868 2599 95

131 2610 322 2654 omniaque
345 2610 506 2645 iucunda
526 2622 741 2656 qua-mquam
764 2622 869 2647 sensu

131 2658 291 2701 corporis
316 2657 540 2700 iudicentur,
566 2658 614 2693 ad
637 2659 797 2693 animum
816 2669 867 2693 re-

130 2703 223 2746 ferri
247 2707 373 2739 tamen.

179 2753 235 2786 88.
260 2751 524 2796 voluptarium,
550 2762 576 2786 s.
602 2751 636 2785 II
662 2756 692 2795 7,
721 2755 774 2786 18.

180 2798 357 2842 appellat.-
382 2798 421 2833 in
441 2798 579 2833 seinem
599 2798 734 2833 letzten
749 2798 869 2834 Briefe

132 2854 181 2879 an
206 2844 420 2880 Idomeneus
440 2845 528 2881 oder
547 2845 791 2881 Hermarchus
810 2846 870 2881 bei

939 1435 1042 1480 Diog.
1070 1435 1103 1468 X
1129 1439 1190 1477 22,
1222 1446 1294 1469 von
1322 1434 1393 1469 Cic.
1420 1434 1606 1469 iibersetzl:
1632 1434 1677 1469 de

939 1482 997 1517 fin.
1026 1482 1058 1516 ΙΙ
1086 1486 1147 1524 30,
1174 1486 1230 1517 96.

986 1531 1231 1572 inventorum,
1253 1528 1372 1563 seiner
1385 1528 1593 1571 Lehrsat-zffi
1613 1525 1678 1562 οἰν-

938 1574 1223 1618 ΐιπαῼδΐάῖτέΐθ
1280 1574 1322 1610 ὃὸ
1380 1576 1471 1610 πᾶσι
1533 1588 1679 1615 2⁹0vaoe

939 1624 1063 1667 (naml
1092 1623 1162 1658 den
1183 1623 1402 1658 Schmerzen
1428 1623 1503 1657 und
1524 1623 1552 1656 Ι
1557 1622 1678 1667 eiden)

938 1668 979 1705 τὸ
1007 1684 1102 1704 κατα
1128 1668 1256 1714 ψυχὴν
1284 1673 1414 1714 χαῖρον
1441 1667 1502 1705 ἐπὶ
1528 1669 1570 1715 τῇ
1605 1669 1679 1704 τῶν

939 1714 1146 1762 γεγονότων
1167 1715 1256 1761 ἡμῖν
1277 1718 1523 1761 διαλογισμῶν
1541 1714 1678 1770 μνήμῃ.

986 1775 1029 1799 ea:
1054 1768 1224 1809 tempore,
1256 1764 1288 1798 d.
1315 1765 1338 1798 i.
1371 1768 1411 1799 ut
1441 1765 1591 1808 tempori
1622 1776 1678 1798 m-

938 1813 1089 1854 ser-viat,
1122 1822 1195 1846 riou
1228 1822 1271 1846 ecc
1301 1812 1467 1854 veritate,
1494 1812 1566 1845 den
1591 1810 1679 1845 Um-

940 1859 1096 1893 st'e'tnden
1127 1859 1234 1893 nach.
1283 1858 1367 1903 Vgl.
1400 1858 1450 1892 IV
1482 1861 1519 1901 4,
1554 1861 1574 1893 8
1605 1859 1680 1893 nisi

937 1906 1030 1949 forte
1062 1907 1230 1950 temporis
1264 1916 1377 1941 causa
1412 1906 1515 1940 nobis
1549 1905 1678 1940 adseu-

939 1954 1083 1989 tzebare.

986 2000 1043 2034 De
1074 2003 1192 2035 morte.
1243 1999 1342 2034 Sext.
1369 1999 1505 2056 Hypot
1532 1999 1677 2054 111229

940 2044 958 2081 ὁ
979 2045 1147 2087 θάνατος
1161 2043 1274 2082 οὐδὲν
1294 2045 1386 2090 πρὸς
1406 2044 1519 2091 ἡμᾶς·
1545 2044 1586 2081 τὸ
1608 2044 1678 2090 γὰρ

939 2093 1122 2129 διαλυθὲν
1148 2092 1390 2149 ἀναισθητεῖ,
1422 2092 1462 2128 τὸ
1495 2092 1537 2128 δὲ
1570 2090 1676 2128 ἄναι-

940 2143 1013 2185 σθη
1017 2141 1104 2176 τοῦν
1149 2137 1263 2176 ουὸὲν
1307 2138 1399 2184 πρὸς
1442 2138 1550 2185 ἡμᾶς.
1605 2140 1679 2175 Der

940 2188 1101 2223 Zustand
1140 2188 1205 2223 der
1235 2187 1679 2233 Empfindungslosigkeit

939 2235 1035 2270 muss
1062 2247 1129 2269 uns
1158 2234 1405 2280 gleichgfiltig
1429 2234 1566 2278 lassen‚
1594 2235 1678 2269 weil

938 2282 1006 2316 wir
1042 2282 1139 2317 dann
1179 2282 1287 2317 keine
1324 2281 1572 2327 Empfindung
1615 2282 1677 2316 des

938 2329 1204 2374 Angenehmen
1239 2329 1328 2365 oder
1364 2329 1679 2374 Unangenehmen

940 2376 1071 2412 haben.

987 2425 1092 2458 cuius
1110 2424 1414 2479 mayrzitudinem.
1440 2423 1546 2468 Diog.
1563 2423 1594 2457 X
1611 2426 1677 2457 140

941 2483 983 2505 ου
1012 2472 1170 2515 χρονίζει
1202 2468 1242 2505 τὸ
1278 2467 1416 2525 ἆλγοῦν
1443 2470 1605 2514 συνεχῶς
1637 2467 1677 2504 ἐν

939 2518 982 2575 τῇ
1011 2519 1135 2560 σαρκί·
1165 2515 1256 2552 αλλὰ
1289 2515 1329 2552 τὸ
1363 2517 1432 2562 μὲν
1463 2515 1580 2560 ἄκρον
1600 2515 1677 2573 prov

941 2561 1132 2609 ἐλάχιστον
1159 2562 1293 2609 χρόνον
1315 2563 1487 2620 πάρεστι,
1509 2585 1552 2590 -
1570 2561 1612 2598 αἴ
1635 2562 1674 2598 δὲ

940 2610 1178 2666 πολυχρόνιοι
1215 2612 1287 2646 τῶν
1325 2608 1538 2655 αρρωστιῶν
1572 2613 1676 2645 πλεο

940 2656 1053 2700 νάζον
1089 2657 1214 2713 ἔχουσι
1251 2655 1291 2692 τὸ
1331 2656 1516 2702 ἡδόμενον
1555 2654 1594 2691 ἐν
1632 2657 1674 2701 τῆ

941 2705 1045 2748 σαρκὶ
1083 2701 1177 2748 ἥπερ
1212 2701 1252 2739 τὸ
1289 2701 1437 2749 ἀλγοῦν.
1466 2725 1507 2728 -
1534 2703 1675 2738 Ebenso

941 2752 1025 2796 sagt
1037 2750 1108 2785 Cic.
1122 2754 1316 2796 egestatem,
1330 2755 1471 2786 mortem
1486 2751 1674 2786 consolari.

989 2802 1044 2833 89.
1070 2799 1132 2832 isti
1157 2799 1410 2843 yrandiloqui,
1436 2798 1495 2832 die
1517 2797 1673 2833 Stoiker.

941 2844 1015 2880 Der
1040 2844 1319 2890 XViderspwch,
1339 2845 1377 2879 in
1398 2845 1468 2880 deu
1488 2844 1560 2886 Cic.
1580 2845 1675 2880 hier-

1488 1191 1562 1237 Qui
1595 1198 1675 1230 tan·
1693 1203 1735 1235 89
