1817 3103
153 856 197 885 40
215 847 291 885 Sed
324 848 450 886 adhuc
484 848 531 885 de
565 847 850 886 cousuetudine
885 848 1175 887 exercitationis
1214 847 1375 900 loquor,
1417 848 1591 886 noudum
1631 847 1678 886 dc
1719 859 1777 886 ra-

155 1206 197 1237 41
215 1198 385 1249 quidem.

211 107 267 148 92
673 145 676 147 ,
730 107 776 141 Μ.
805 105 965 142 TULLII
993 106 1245 142 CICERONIS
1802 57 1817 202 Ξ

336 218 380 256 P.
425 217 640 265 Eloquere,
674 220 876 264 eloquere,
909 216 974 254 re‘s
1007 217 1199 264 Arqivum
1226 215 1380 265 proe'le'o
1415 222 1456 254 ut
1486 228 1528 255 se
1562 214 1740 256 sustinet.
1797 207 1802 254 -s

334 276 380 314 E.
425 277 511 314 Non
539 276 644 324 po'lis
675 275 810 323 ecfari
841 273 994 313 tantum
1035 275 1169 321 dictis,
1208 273 1401 322 qua'ntum
1435 274 1559 324 factis
1599 275 1772 325 suppetit

429 334 610 373 Laboris.

213 404 379 449 Quiesce
411 405 530 454 igitur
569 409 608 441 et
640 402 776 441 volnus
809 401 948 453 adligal

216 469 348 513 posset
380 463 568 512 Aesopus.

1011 402 1138 440 Etiam
1176 405 1208 441 si
1241 402 1462 454 Eurypylus
1500 408 1654 455 posset,
1693 414 1802 454 non·

332 544 375 581 E.
428 544 502 582 Ubi
533 543 704 591 fortuna
743 544 928 583 Hectoris
965 549 1143 582 nostram
1184 555 1322 582 acrem
1365 543 1494 583 ‹iclem
1536 541 1772 583 inclinatdm

1065 599 1237 653 [dedit]
1477 606 1486 615 ⁶

214 678 252 710 et
284 677 414 710 cetera
448 672 612 722 explicat
645 673 683 709 in
717 671 868 723 dolore3
902 673 956 710 sic
990 677 1049 710 est
1082 673 1184 710 enim
1217 673 1484 723 intemperans
1517 672 1695 711 militaris
1727 673 1767 710 in
1800 704 1806 722 ,-

214 732 304 768 l'orti
338 731 420 768 viro
452 730 584 781 gloria.
648 729 750 781 Ergo
783 730 878 768 haec
907 736 1114 768 veteranus
1142 730 1252 769 miles
1279 731 1406 768 facere
1434 732 1597 782 poterit,
1631 731 1770 769 doctus
1802 742 1806 774 ζ

214 791 271 827 vir
304 790 538 840 sapiensque
566 802 642 827 nou
671 786 844 839 poterit?
904 788 970 826 [lle
999 801 1089 826 vero
1119 789 1256 827 melius
1284 802 1327 827 ac
1356 801 1431 827 non
1460 789 1574 840 paulo
1603 788 1776 840 quidem.

216 908 319 944 tione
358 912 397 944 et
435 907 635 957 sapientia.
699 905 884 944 Aniculae
925 918 1040 956 saepe
1086 907 1252 944 inediam
1293 906 1455 944 biduum
1494 912 1560 944 aut
1603 900 1806 945 triduum'

215 966 364 1003 serunt:
397 965 547 1003 subduc
582 964 713 1002 cibum
746 977 868 1002 uuum
902 964 1003 1002 diem
1037 964 1222 1003 athletae:
1256 964 1385 1002 lovem
1412 964 1653 1016 Olympium,
1689 970 1804 1003 eum'

216 1025 360 1073 ipsum,
394 1024 458 1061 cui
491 1035 531 1061 se
566 1028 741 1073 exercet,
774 1022 1005 1073 inplorabit‚
1038 1023 1141 1060 ferre
1175 1035 1252 1060 uon
1286 1035 1399 1073 posse
1434 1022 1623 1061 clamabit.
1677 1022 1774 1061 Cou—

214 1081 435 1119 suetudinis
464 1093 599 1131 magua
626 1082 684 1118 vis
711 1086 788 1119 est:
821 1086 1054 1131 pernoctant
1081 1086 1286 1119 venatores
1321 1082 1359 1119 in
1388 1083 1473 1119 nive
1500 1083 1540 1119 iu
1567 1080 1778 1133 montibus,

214 1141 276 1178 uri
315 1151 356 1177 se
395 1141 600 1191 patiuntur
641 1139 742 1191 ludi3
787 1139 940 1190 pugiles
985 1139 1182 1177 caestibus
1225 1141 1380 1178 contusi
1425 1152 1473 1177 ne
1520 1140 1783 1190 ingemiscunt

448 1198 523 1236 Sed
570 1197 662 1248 quid
708 1198 798 1250 hos,
844 1197 987 1248 quihus
1034 1198 1305 1249 Olympiorum
1350 1199 1511 1236 victoria
1556 1197 1817 1237 consulatus

213 1256 278 1295 ille
310 1258 495 1307 antiquus
523 1254 707 1295 videtur?
740 1256 994 1308 gladiatores,
1028 1263 1094 1295 aut
1126 1256 1270 1308 perditi
1302 1256 1484 1295 homiues
1516 1262 1582 1295 aut
1614 1256 1782 1308 barbari,
1811 1274 1817 1307 ᾗ

215 1328 311 1366 quas
343 1315 474 1366 plagas
506 1314 732 1366 perferunt!
772 1328 848 1366 quo
883 1315 996 1353 modo
1031 1315 1108 1368 illi,
1141 1317 1208 1366 qui
1241 1315 1339 1353 bene
1378 1317 1548 1354 instituti
1580 1321 1689 1367 suut,
1721 1327 1782 1353 ac·
1813 1359 1815 1361 ¹

215 1375 345 1425 cipere
386 1374 535 1425 plagam
575 1374 723 1412 malunt
762 1386 877 1424 quam
916 1375 1085 1425 turpiter
1130 1373 1269 1412 vitare!
1309 1386 1425 1424 quam
1467 1386 1582 1425 saepe
1621 1373 1784 1424 adparet

215 1432 311 1471 nihil
342 1444 409 1470 eos
443 1432 553 1471 malle
588 1444 703 1483 quam
735 1433 794 1471 vel
827 1432 984 1471 domino
1021 1434 1114 1471 satis
1147 1433 1275 1471 facere
1310 1432 1368 1471 vel
1401 1431 1568 1483 populo!
1620 1431 1782 1471 Mittunt

216 1493 332 1530 etiam
365 1491 589 1529 volueribus
623 1491 790 1529 confecti
824 1491 870 1529 ad
905 1491 1085 1530 dominos
1120 1493 1186 1542 qui
1220 1497 1409 1541 quaerant
1442 1491 1535 1542 quid
1568 1491 1706 1529 velint:
1746 1491 1778 1529 si

217 1551 310 1588 satis
342 1551 388 1588 iis
422 1550 566 1588 factum
599 1552 670 1602 sit,
703 1562 744 1588 se
777 1549 873 1588 velle
907 1549 1155 1588 decumbere
1219 1549 1314 1594 Quis
1348 1550 1557 1588 medlocris
1590 1549 1780 1600 gladiator

216 1639 409 1674 Ausdruck
443 1640 507 1674 der
536 1640 839 1683 Verwunderung
870 1639 960 1674 iiber

216 1686 316 1720 seine
342 1686 433 1720 fiber
453 1686 517 1720 das
537 1686 788 1721 Meuschliche
808 1686 957 1720 hinaus-

1033 1651 1106 1674 von
1147 1650 1182 1674 se
1226 1639 1449 1674 absichtlieh
1494 1639 1573 1673 eine
1617 1638 1780 1683 grossere
1816 1655 1817 1671 r

1033 1686 1152 1720 Kiirze
1191 1687 1367 1728 erstrebt,
1412 1686 1480 1721 wie
1529 1686 1577 1720 ad
1614 1686 1727 1721 Attio.
1767 1673 1817 1720 Ι

216 1733 382 1778 gehende
408 1733 767 1778 Heldenhaftigkeit.

264 1780 391 1814 Etiam
432 1781 465 1814 si
509 1780 653 1825 Euryp.
704 1781 809 1814 Auch
853 1791 959 1814 wenn

217 1827 293 1861 dies
320 1827 384 1861 der
403 1827 597 1861 wirkliche
618 1827 825 1872 Eurypylus
853 1827 957 1861 hatte

214 1874 309 1908 thun
344 1874 510 1916 konnen,
548 1874 672 1909 wurde
711 1885 750 1909 er
788 1885 826 1908 es
863 1874 959 1908 nach

217 1920 300 1955 dem
325 1921 364 1954 in
383 1921 466 1955 dem
488 1921 624 1955 Stficke
645 1921 961 1965 durchgefr'ihrten

216 1967 421 2002 Charakter
446 1968 520 2014 des·
537 1968 745 2012 Eurypylus
782 1969 847 2002 der
873 1969 959 2002 Tra-

216 2014 344 2059 gtfflie,
388 2014 459 2058 dep
497 2015 641 2059 Asopus
686 2015 813 2059 spiest,
859 2015 963 2049 nicht

215 2062 371 2096 konnen.
424 2060 587 2106 Asopus,
641 2061 743 2096 einer
792 2062 857 2096 der
900 2073 961 2106 ge-

215 2108 408 2142 feiertsten
441 2108 697 2152 Schauspieler
735 2109 798 2143 der
839 2109 962 2143 dama.-

215 2154 315 2199 ligen
354 2155 452 2197 Zeit,
496 2167 572 2190 war
616 2155 762 2190 Ciceros
806 2155 962 2199 Frennd,

215 2201 290 2235 und
311 2201 384 2236 Cic.
412 2202 569 2245 erklart,
595 2213 665 2236 von
686 2202 763 2236 ihm
784 2202 821 2236 in
841 2203 963 2247 Bezug

216 2248 288 2329 ἰωὲ
305 2249 375 2282 den
400 2249 563 2293 Vortrag
594 2249 709 2283 vieles
743 2249 889 2294 gelernt
921 2262 963 2283 zu

228 2305 264 2328 ra
292 2306 347 2329 en.

264 2342 448 2385 Hectoris,
481 2342 571 2376 iiber
603 2342 662 2376 die
697 2342 822 2387 Lange
854 2343 918 2378 des
944 2354 964 2377 ο

217 2400 244 2423 s.
272 2401 299 2423 z.
328 2388 342 2421 Ι
369 2392 431 2432 44,
461 2392 537 2424 105.

265 2439 320 2471 40.
348 2435 436 2470 Sed:
475 2435 570 2470 doch
608 2435 729 2471 davon
766 2436 863 2471 habe
902 2436 964 2471 ich

217 2483 313 2516 noch
356 2483 461 2516 nicht
503 2495 546 2516 zu
584 2483 764 2527 spi-echen
801 2496 834 2517 u.
863 2495 889 2518 s.
918 2495 961 2518 w.

216 2530 277 2563 secl
302 2529 403 2564 ffihrt
428 2530 522 2563 nach
548 2529 648 2564 einer
674 2530 963 2575 Absehweifung

218 2588 298 2609 zum
325 2576 469 2611 Thema,
493 2576 638 2611 zuriick.

265 2624 341 2665 eui,
382 2623 440 2657 ‘zu
478 2623 609 2657 dessen
649 2623 774 2658 Ehre'.
816 2644 858 2648 -—
895 2624 962 2658 Die

217 2669 485 2715 Gefr’assigkeib
540 2670 605 2704 der
654 2669 831 2705 Athleten
888 2682 963 2705 war

217 2716 526 2761 spriehwo'rtlich.

264 2764 358 2806 ferre
392 2774 466 2798 non
495 2774 610 2807 posse
659 2755 759 2798 Uber
785 2764 844 2798 die
871 2764 963 2797 Aus-

217 2809 369 2854 lassung
407 2811 470 2845 des
502 2810 729 2844 Pronomens
757 2822 782 2846 s.
811 2823 838 2844 z.
866 2811 880 2844 I
908 2814 964 2854 25,

218 2860 273 2890 60.
324 2856 413 2891 Hier
438 2857 487 2891 ist
513 2857 629 2891 durch
656 2858 720 2892 das
747 2840 964 2902 Weglassen'

1033 1738 1068 1776 4,
1096 1737 1137 1767 10
1175 1734 1281 1777 quasi
1312 1734 1414 1767 dicas
1445 1734 1487 1767 in
1518 1736 1640 1777 operto
1667 1733 1782 1775 fuisse

1032 1782 1126 1825 (me).
1171 1781 1222 1816 lb.
1238 1783 1345 1823 putes
1370 1781 1520 1824 inquam
1540 1781 1656 1814 dicere
1674 1782 1785 1822 (eum)

1033 1828 1170 1862 iudices
1201 1828 1327 1862 emisti.
1378 1839 1412 1872 p.
1441 1826 1475 1862 S.
1503 1828 1608 1862 Rosc.
1642 1829 1704 1869 22,
1734 1829 1777 1861 61

1033 1875 1200 1917 confitere
1224 1877 1288 1916 (te)
1311 1875 1380 1908 huc
1405 1885 1447 1909 ea
1471 1885 1532 1918 spe
1557 1874 1700 1908 venisse.

1082 1922 1143 1955 uri
1176 1932 1211 1955 se
1242 1932 1279 1965 p.
1318 1922 1420 1955 Indi.
1474 1921 1669 1955 Dieselben
1700 1919 1779 1954 Bei—

1035 1968 1149 2012 spiele
1171 1967 1252 2002 sind
1274 1968 1306 2002 V
1321 1971 1376 2011 27,
1394 1972 1436 2003 77
1453 1968 1668 2011 angeffih1·l:;
1688 1966 1780 2011 hier,

1035 2026 1092 2049 wo
1119 2015 1177 2048 die
1203 2015 1329 2049 Macht
1359 2015 1423 2049 der
1450 2014 1693 2058 Gewohnung
1719 2024 1784 2058 ge-

1035 2061 1132 2106 zeigt
1159 2061 1304 2095 werden
1337 2061 1423 2105 soll,
1460 2061 1510 2096 ist
1542 2060 1600 2095 die
1632 2061 1784 2095 Erwah·

1035 2121 1138 2153 nung
1160 2108 1224 2142 der
1244 2107 1352 2142 Inder
1371 2107 1517 2142 freilich
1538 2120 1605 2142 nur
1619 2107 1782 2142 insofern

1037 2167 1096 2190 am
1124 2155 1268 2199 Platze,
1295 2155 1350 2190 als
1376 2155 1433 2189 die
1456 2154 1700 2190 Gewohnheit
1719 2154 1783 2189 des

1036 2201 1174 2236 Volkes
1213 2202 1307 2236 auch
1345 2201 1415 2236 den
1449 2201 1638 2236 einzelnen
1680 2201 1784 2236 mehr

1039 2249 1231 2294 befiihigb,
1259 2248 1430 2283 Schmerz
1455 2261 1498 2282 zu
1524 2250 1664 2293 tragen.
1804 2248 1806 2262 ³

1085 2300 1141 2329 41.
1181 2296 1251 2330 Sed
1277 2296 1365 2340 quid
1390 2297 1468 2338 hos,
1505 2296 1579 2340 vgl.
1606 2296 1620 2329 Ι
1649 2297 1711 2338 15,
1739 2297 1783 2330 34

1037 2344 1097 2378 sed
1123 2344 1212 2387 quid
1233 2347 1369 2387 poetas.

1086 2391 1294 2424 consulatus
1328 2390 1406 2424 ille.-
1447 2401 1486 2424 so
1513 2389 1588 2424 viel
1613 2389 1704 2423 wert
1730 2388 1784 2423 als

1038 2437 1104 2470 das
1124 2436 1306 2471 Konsulat
1330 2437 1368 2471 in
1394 2436 1465 2471 den
1490 2437 1621 2471 besten
1645 2435 1782 2479 Zei‘oen,

1036 2495 1093 2518 wo
1119 2495 1205 2518 man
1231 2496 1268 2519 es
1294 2483 1397 2518 nicht:
1423 2483 1538 2517 durch
1564 2482 1664 2517 Kauf
1692 2482 1782 2517 oder

1036 2531 1151 2564 durch
1177 2531 1296 2565 Gunsl:
1327 2531 1425 2565 eines
1457 2530 1569 2564 Casan·
1602 2529 1782 2573 erlangte.

1083 2578 1115 2611 si
1139 2579 1229 2612 satis
1255 2579 1321 2612 cet.
1373 2578 1446 2612 Der
1473 2577 1679 2621 Gegensatz
1714 2576 1798 2611 ista

1036 2635 1142 2658 wenn
1172 2625 1260 2658 aber
1291 2623 1350 2659 die
1377 2624 1518 2658 Herren
1549 2624 1645 2658 noch
1677 2623 1791 2657 nicht.

1036 2670 1237 2715 befriedigt
1257 2671 1375 2715 seien,
1402 2682 1441 2705 so
1463 2670 1615 2705 wollten
1639 2669 1691 2704 sie
1712 2669 1783 2704 den

1037 2716 1179 2762 Kampf
1199 2718 1408 2752 forbsetzen.

1086 2765 1288 2799 decumbere
1307 2765 1357 2798 ist,
1377 2763 1573 2798 stehender
1586 2762 1782 2798 Ausdruck

1038 2821 1110 2845 von
1131 2811 1215 2845 dem
1235 2810 1446 2853 GIadiator,
1473 2811 1536 2844 der
1556 2810 1627 2845 den
1646 2809 1782 2844 Todes-

1038 2856 1127 2892 stoss
1166 2857 1368 2902 empfangt.
1419 2857 1513 2891 Phil.
1547 2856 1598 2890 111
1639 2859 1698 2901 14,
1738 2858 1781 2890 35
