1817 3103
396 97 794 133 TUSCULANARUM
821 96 1216 132 DISPUTATIONUM
1245 99 1269 131 I.
1298 102 1398 133 2—4.
1646 98 1671 138 5

751 165 852 205 :ow

118 214 252 248 natum
292 207 460 246 Ennium
502 206 586 258 [qui
626 208 698 246 suit
737 208 858 245 maior
898 212 989 244 natu
1030 218 1144 256 quam
1188 206 1346 244 Plautus
1389 214 1426 245 et
1466 206 1669 258 Naevius]:

119 278 207 306 sero
245 268 364 317 igitur
402 278 421 304 a
463 267 609 304 nostris
647 269 783 316 poetae
823 264 881 303 vel
921 266 1064 315 cogniti
1105 264 1161 302 vel
1206 266 1365 315 recepti.

1429 265 1669 316 Quamquam
1687 268 1712 308 2

119 331 178 364 est
217 326 256 363 in
297 324 523 375 Originibus
563 324 696 363 solitos
735 336 821 362 esse
860 325 897 362 in
939 323 1063 374 epulis
1102 335 1242 361 canere
1282 324 1461 360 convivas
1501 324 1544 361 ad
1585 324 1671 363 tibi-

117 385 243 422 cinem
271 383 318 421 de
345 382 540 421 clarorum
567 383 769 421 hominum
790 381 1017 420 virtutibus:
1047 381 1235 419 honorem
1265 387 1392 419 tamen
1420 381 1510 419 hnic
1537 385 1669 430 gem-ri

1340 498 1504 536 (luxerat
1543 504 1671 536 autem

1258 556 1343 601 Quo
1386 557 1515 594 minus
1554 558 1673 606 igitur

116 616 277 655 honoris
310 623 392 655 erat
425 618 568 668 poetiS,
601 629 646 655 eo
680 617 829 654 minora
862 616 988 654 studia
1023 616 1201 667 suerunt,
1236 627 1307 653 nec
1347 620 1496 666 tamen,
1538 617 1570 653 si
1609 617 1674 665 qni

117 676 267 726 magnis
293 676 460 725 ingeniis
486 676 524 712 in
552 687 597 713 eo
618 687 761 725 genere
789 676 1022 725 extiterunt,
1050 686 1124 712 non
1154 675 1247 711 satis
1269 673 1507 711 Graecorum
1528 673 1671 723 gloriae

118 733 419 785 responderunt.

482 733 538 771 An
578 745 803 784 censemus,
842 735 873 771 si
910 732 1045 783 Fabio,
1085 731 1327 770 nobilissimo
1366 732 1533 783 homini,
1571 732 1709 773 laudi4

119 792 250 830 datum
290 797 394 830 esset
432 791 534 842 quod
575 793 771 843 pingeret,
814 803 890 830 non
934 790 1077 829 multos
1116 792 1230 829 etiam
1271 790 1371 841 apud
1412 802 1482 828 nos
1523 791 1675 829 futuros

119 850 329 901 Polyclitos
362 855 400 888 et
431 850 660 888 Parrhasios
694 847 845 889 fuisse?
883 850 1008 891 honos
1041 849 1125 899 alit
1139 854 1262 901 artes,
1298 861 1512 900 omnesque
1545 850 1675 888 incen—

119 908 267 947 duntur
300 908 345 946 ad
379 908 505 947 studia
508 908 678 961 ,ἐΙοῐζίεῃ
711 911 916 959 iacentque
951 920 994 947 ea
1028 920 1199 960 semper,
1233 920 1331 958 quae
1365 908 1465 959 apud
1500 919 1675 967 quosque
1699 925 1764 987 aas,

450 961 648 1006 S‘ummam
683 967 944 1006 eruditionem
971 966 1109 1005 Graeci
1142 968 1254 1005 sitam
1283 965 1495 1005 censebant
1522 968 1561 1004 in
1588 978 1674 1004 ncr—
1744 969 1745 972 ’

82 956 421 1018 ”inprobantur

708 1044 738 1062 ,ιν
759 1036 869 1062 ‘fam
896 1014 960 1061 »ψ’-ἶ,

161 1067 254 1112 Kap.
282 1067 319 1102 2.
370 1069 422 1103 tel
447 1069 594 1112 recepti.
626 1067 710 1103 weil
736 1068 859 1103 Livius

115 1114 176 1150 ein
217 1115 371 1150 Grieche
419 1126 484 1149 aus
523 1114 673 1159 Tamnt,
718 1115 858 1150 Navius

115 1172 180 1196 ans
207 1161 449 1206 Cmpanien,
483 1161 622 1196 Ennius
648 1173 713 1196 aus
739 1162 859 1196 Radia

114 1208 152 1242 in
179 1206 375 1242 Calabrien
402 1210 619 1253 stammten‚
649 1209 728 1243 also
755 1208 857 1243 nicht

115 1254 298 1290 romische
324 1254 465 1300 Biirger
489 1266 622 1290 waren.

163 1301 405 1346 Quamquam,
450 1301 605 1336 freilich.
656 1302 730 1337 Der
774 1301 858 1336 Satz

113 1347 232 1383 bildet
250 1348 419 1393 zugleieh
439 1360 482 1382 zu
503 1349 586 1384 dem
606 1349 858 1394 vorangehen-

114 1395 186 1430 den
211 1394 285 1429 und
311 1395 394 1430 dem
421 1395 619 1440 folgenden
654 1396 761 1430 Satze
788 1396 858 1430 den

115 1441 332 1487 Gegensatz.
382 1442 424 1477 de
456 1443 514 1486 off.
549 1442 582 1476 II
612 1447 670 1486 17,
699 1446 742 1477 60
774 1443 859 1477 illae

114 1489 297 1533 impensae
339 1490 510 1524 meliores.
551 1508 595 1514 -——
636 1490 862 1535 Quamquam

114 1536 210 1580 quod
228 1546 402 1579 praesens
430 1556 472 1561 —
499 1536 632 1578 datur,
663 1538 862 1572 iucundius

114 1586 181 1626 est,
216 1586 335 1617 tamen
369 1584 454 1618 haec
487 1584 527 1617 in
556 1587 741 1628 posterum
776 1595 859 1628 yra—

116 1630 221 1665 tiora.

161 1677 203 1710 in
233 1675 456 1721 Oriyinibus.
507 1677 554 1711 M.
584 1677 734 1712 Porcius
769 1676 860 1711 Cato

116 1723 222 1758 hatte
254 1725 361 1758 unter
395 1723 478 1758 dem
512 1723 611 1758 Titel
644 1723 814 1767 Origines
841 1728 859 1758 7

116 1769 261 1804 Biicher
274 1770 533 1814 geschrieben,
553 1769 669 1805 worin
691 1782 729 1805 er
742 1771 862 1805 zuerst

115 1816 174 1851 die
195 1815 416 1851 Geschichte
443 1817 508 1852 der
529 1817 657 1852 Stadte
686 1817 758 1852 und
771 1817 859 1852 Vffl-

114 1863 350 1899 kerschaften
411 1864 563 1898 Italiens
624 1864 860 1906 behandelte,

115 1910 212 1945 daun
238 1909 295 1944 bis
328 1922 371 1945 zu
398 1910 462 1945 der
489 1910 708 1945 Gesohiehte
741 1911 862 1946 seiner

116 1957 139 1991 7
143 1956 195 1992 eit
218 1956 395 2003 fortging.

161 2004 202 2038 in
253 2005 428 2039 conviviis
477 2015 612 2039 canere.

115 2050 206 2086 wird
231 2050 282 2085 IV
302 2054 334 2095 2,
362 2055 393 2085 3
438 2051 540 2087 Brut.
564 2055 618 2095 19,
646 2055 689 2086 75
716 2051 859 2086 berich-

114 2099 180 2133 tet..
230 2097 348 2132 Varro
382 2098 427 2133 de
459 2099 538 2133 vita
568 2099 607 2134 Ρ.
635 2099 677 2133 R.
703 2099 738 2134 b.
764 2097 858 2133 Non.

113 2156 148 2189 p.
178 2148 233 2180 76.
284 2144 334 2178 In
365 2146 540 2180 conviviis
569 2147 677 2190 pueri
712 2147 860 2181 modesti

112 2195 154 2226 ut
185 2194 379 2227 cantarent
410 2193 576 2227 earmina
607 2194 779 2237 antiqua,
819 2194 859 2227 in

113 2238 244 2284 quibus
288 2239 413 2273 laudes
458 2243 562 2273 erant
605 2241 783 2274 maiorum
827 2243 858 2273 et

113 2295 197 2320 assa
222 2285 270 2329 (d.
296 2285 320 2320 i.
345 2286 436 2330 sola)
469 2297 550 2321 voce
584 2289 628 2320 et⁷
650 2297 730 2320 eum
763 2287 857 2321 tubi-

113 2333 201 2367 cine.
251 2331 358 2367 Nooh
378 2344 441 2366 zur
461 2332 540 2367 Zeil:
561 2332 624 2367 des
639 2333 858 2368 Annalisten

112 2379 248 2414 Fabius
282 2378 422 2421 Pictor,
460 2378 511 2413 im
543 2379 859 2415 Hannibalisohen

113 2425 268 2479 Kfiege,
311 2426 468 2479 bestand
507 2426 565 2479 {lie
603 2426 718 2471 Sstte,
763 2427 858 2462 doch

112 2483 328 2555 {effigoessfi}
328 2473 859 2556 ‘{{1{S¹ssxissiiessl³e{⁶¹{3¹?hm3?4

114 2565 245 2601 Lieder
269 2566 375 2601 nicht
399 2567 515 2601 mehr.

681 2004 860 2039 Dasselbe

162 2614 211 2648 ad
253 2614 457 2656 tibicinem,
508 2614 566 2648 ein
614 2614 860 2659 abgekiirzter

114 2660 307 2695 Ausdruck
339 2660 397 2694 fiir
429 2661 477 2695 ad
509 2664 654 2695 cantum
686 2662 860 2704 tibicinis,

115 2706 184 2741 wie
221 2707 271 2741 IV
298 2711 336 2750 2,
370 2711 390 2742 3
430 2711 596 2742 canerent
635 2709 684 2743 ad
721 2709 859 2744 tibiam.

116 2752 161 2788 de
191 2751 262 2799 leg.
295 2754 327 2788 II
360 2758 421 2798 24,
455 2758 498 2789 62
539 2765 666 2799 easque
695 2756 858 2799 (laudes)

116 2800 222 2834 etiam
259 2804 387 2836 cantus
429 2802 478 2836 ad
522 2802 703 2837 tibicinem
738 2812 858 2847 prose—

116 2850 259 2890 quatur.

979 1069 1139 1103 declatat
1153 1078 1194 1102 or
1196 1069 1280 1103 atto.
1303 1067 1407 1102 Auoh
1423 1067 1522 1102 seine
1538 1067 1677 1102 Stant.-

931 1115 1042 1150 reden
1075 1115 1180 1149 h'atte
1213 1115 1304 1149 Cato
1336 1114 1570 1159 gesammelt,
1602 1114 1677 1149 und

932 1161 1031 1196 diese
1052 1162 1202 1196 wurden
1228 1162 1323 1196 noch
1353 1174 1395 1195 zu
1424 1160 1570 1195 Ciceros
1597 1161 1678 1196 Zeit

931 1208 1005 1242 und
1032 1210 1156 1252 spater
1184 1208 1258 1242 viel
1284 1209 1446 1252 gelesen.
1498 1207 1588 1242 Cato
1617 1208 1677 1242 bei

932 1255 1024 1290 Gell.
1054 1255 1103 1289 XI
1130 1258 1169 1297 2,
1196 1259 1215 1289 5
1250 1255 1416 1290 Poeticae
1450 1255 1543 1289 artis
1567 1256 1679 1289 honos

930 1312 1004 1336 non
1024 1305 1119 1345 erat;
1144 1303 1176 1336 si
1201 1303 1282 1346 quis
1307 1303 1346 1336 in
1373 1313 1415 1336 ea
1440 1313 1478 1336 re
1503 1302 1678 1344 studebat,

932 1370 974 1374 —
1001 1352 1187 1393 yrassator
1212 1350 1418 1384 vocabatur.

982 1408 1038 1442 M.
1077 1407 1237 1442 Fulvius
1274 1407 1462 1449 Nobilior,
1507 1407 1572 1441 der
1608 1407 1678 1442 wie

935 1454 992 1489 die
1018 1454 1212 1498 Soipionen
1239 1454 1298 1489 ein
1319 1454 1463 1488 Freund
1491 1454 1556 1489 der
1581 1454 1677 1498 grie-

936 1501 1109 1536 chischen
1135 1500 1297 1546 Bildung
1322 1511 1398 1535 war
1422 1501 1497 1535 und
1524 1501 1676 1536 deshalb

934 1548 985 1582 im
1001 1548 1229 1593 Gegensatze
1246 1559 1289 1582 zu
1305 1548 1396 1583 Cato
1411 1548 1533 1591 stand,
1555 1549 1676 1582 unter-

933 1595 1029 1630 warf
1064 1598 1129 1630 189
1162 1608 1194 1631 v.
1230 1595 1312 1629 Chr.
1352 1595 1406 1630 als
1440 1595 1581 1630 Konsul
1619 1595 1678 1629 die

933 1633 1072 1676 Litoler.
1095 1663 1138 1667 —
1154 1642 1227 1676 Der
1245 1642 1371 1676 leal
1386 1646 1512 1686 poetas
1532 1642 1677 1676 scheint

935 1687 1042 1723 Catos
1070 1680 1343 1734 Ubertreibung
1376 1701 1418 1723 zu
1453 1689 1546 1731 sein,
1582 1689 1678 1723 deun

934 1735 1013 1770 dass
1051 1735 1201 1771 Fulvius
1240 1735 1362 1770 ausser
1401 1735 1538 1770 Ennius
1583 1736 1678 1770 auch

933 1782 1069 1817 andere
1086 1782 1239 1817 Dichter
1258 1782 1327 1816 mit
1348 1782 1426 1816 sich
1447 1793 1677 1827 genommen‚

933 1829 1027 1863 wird
1052 1829 1227 1873 nirgends
1254 1830 1433 1864 erw'zihnt.

981 1891 1012 1923 4.
1051 1887 1087 1922 G.
1126 1887 1270 1922 Fabius
1307 1887 1434 1922 Pictor
1468 1888 1572 1922 hatte
1607 1888 1678 1922 den

934 1934 1089 1978 Tempel
1115 1934 1179 1969 der
1206 1935 1312 1969 Salus
1346 1935 1412 1968 auf
1441 1934 1525 1969 dem
1559 1934 1678 1976 Quiri·

934 1981 1012 2025 nal,
1035 1981 1098 2015 der
1113 1985 1181 2016 302
1204 1981 1428 2027 eingeweiht
1446 1982 1588 2024 wnrde⁷
1609 1982 1679 2016 mit

933 2027 1135 2062 Gemalden
1150 2028 1408 2073 geschmiiokt,
1429 2029 1570 2064 welche
1583 2029 1678 2064 noch

932 2075 970 2109 in
1008 2075 1073 2110 der
1105 2074 1402 2120 Augusteischen
1434 2076 1514 2110 Zeit
1545 2075 1678 2110 Beifall

932 2121 1080 2157 fanden.
1130 2122 1180 2156 Er
1219 2133 1294 2156 war
1335 2123 1398 2157 der
1436 2124 1531 2157 erste
1565 2123 1678 2157 Mann

933 2180 999 2203 aus
1019 2169 1260 2203 vornehmem
1283 2170 1438 2213 Stande,
1465 2170 1529 2204 der
1549 2169 1677 2204 offent-

932 2215 1009 2250 lich
1048 2216 1102 2250 als
1141 2216 1317 2250 Kiinstler
1362 2216 1519 2259 anstrat3
1563 2216 1678 2261 geiibt

932 2262 1058 2297 wurde
1085 2263 1144 2297 die
1169 2263 1291 2299 Kunst
1316 2264 1429 2298 sehon
1455 2264 1592 2308 friiher.

982 2321 1178 2367 Polyclitos
1220 2325 1252 2356 et
1293 2322 1523 2357 Parrhasios.
1573 2322 1679 2366 Poly—

930 2368 1063 2411 klitus,
1085 2369 1143 2403 ein
1164 2368 1400 2414 Zeitgenosse
1422 2369 1484 2404 des
1501 2369 1678 2411 Perimes,

935 2426 1000 2450 aus
1033 2415 1172 2460 Sikyon
1211 2416 1400 2461 gebiiriig,
1438 2427 1515 2450 war
1553 2416 1679 2459 Haupt

933 2463 999 2496 der
1047 2462 1281 2507 argivischen
1330 2462 1676 2503 Bildhauerschnle;

934 2509 1006 2544 Cic.
1028 2510 1193 2544 erwi'thnt
1213 2509 1278 2544 ihn
1298 2510 1394 2553 hier,
1414 2510 1498 2544 weil
1520 2521 1559 2543 er
1578 2509 1676 2543 Bild-

933 2556 1162 2591 hauerkunst
1199 2557 1275 2591 und
1311 2556 1465 2591 Ma-lerei
1506 2556 1561 2591 als
1598 2567 1676 2591 ver-

932 2603 1079 2638 wand‘ce
1094 2604 1234 2638 Kiinste
1248 2602 1556 2639 zusammenfasst.
1590 2603 1676 2637 Par—

932 2649 1076 2684 rhasius
1102 2661 1166 2684 aus
1193 2649 1360 2695 Ephesus
1387 2651 1486 2685 lebte
1513 2653 1608 2684 etwa
1633 2661 1674 2683 zu

933 2696 1125 2732 derselben
1142 2698 1222 2732 Zeit
1241 2697 1295 2732 als
1315 2698 1529 2732 beriihmter
1547 2696 1674 2732 Maler.

979 2755 1108 2790 Honos
1145 2756 1212 2790 alit
1256 2760 1367 2798 artes,
1411 2755 1492 2790 eine
1536 2753 1675 2799 sprich-

933 2803 1126 2837 wortliche
1146 2803 1363 2837 Redensart.
1415 2801 1496 2837 Sen.
1518 2813 1573 2846 ep.
1597 2805 1674 2844 102,

936 2853 977 2883 16
1005 2849 1113 2884 Vetus
1128 2853 1234 2893 poeta
1255 2850 1360 2892 dicit,
1384 2850 1466 2884 laus
1485 2849 1553 2884 alit
1572 2849 1674 2884 artis.

118 454 196 480 non
229 442 349 480 ruisse
383 441 552 480 declarat
591 443 713 480 oratio
747 440 921 492 Catonis,
962 441 1000 478 in
1041 452 1114 490 qna
1154 439 1297 478 obiecit
1330 446 1371 477 ut
1404 439 1590 491 probrum
1625 441 1670 478 §.1
1715 431 1758 469 ff

117 499 323 551 Nobiliori,
366 500 468 551 qnod
507 502 539 538 is
579 501 615 537 in
655 500 892 550 provinciam
933 502 1067 550 poetas
1107 498 1301 549 duxisset;

118 558 254 598 consul
293 558 355 597 ille
395 560 433 596 in
473 558 677 609 Aetoliam,
722 563 765 596 ut
807 559 969 609 scimus,
1014 556 1194 595 Ennium.
