1790 3103
364 95 758 132 TUSCULANARUM
785 95 1185 131 DISPUTATIONL'M
1213 96 1254 130 V.
1282 99 1431 131 38—4‘2.
1599 94 1678 135 117

131 216 223 256 ergo
257 206 341 244 eius
373 205 476 244 modi
509 208 674 245 istorum
708 203 794 244 est‘?
833 211 876 244 ut
907 204 1001 242 mihi
1035 203 1198 243 Laconis
1231 204 1323 243 illud
1357 205 1505 244 dictum
1538 206 1576 243 in
1609 204 1680 243 hos

132 263 271 303 cadere
317 263 511 316 videatur,
562 266 627 315 qui
677 264 858 315 glorianti
903 262 1057 301 cuidam
1109 265 1335 314 mercatori,
1386 264 1489 314 quod
1541 262 1682 302 multas

129 333 246 361 naves
278 323 316 360 in
351 334 506 361 omnem
545 335 652 361 oram
693 324 923 361 maritimam
963 320 1190 371 dimisisset,
1231 318 1330 359 ‘Non
1371 334 1462 360 sane
1502 321 1682 373 optabilis

127 381 201 419 ista
247 378 419 431 quidem'
464 383 591 432 iuquit
641 378 891 419 ‘rudentibus
935 385 1023 429 apta
1069 376 1251 417 fortuna.'
1314 381 1369 417 An
1417 380 1578 418 dubium
1624 385 1684 418 est

128 440 222 490 quin
256 439 350 477 nihil
383 441 433 478 sit
464 439 684 478 habendum
723 441 760 477 in
801 451 845 477 eo
878 449 1041 489 genere,
1081 449 1157 487 quo
1190 439 1266 475 vita
1299 436 1408 476 beata
1443 438 1683 489 conpleatur,

129 499 161 536 si
206 497 244 536 id
290 499 414 548 possit
458 495 611 537 amitti?
672 497 776 535 Nihil
819 498 923 535 enim
973 497 1277 546 interm-escere,
1329 495 1424 533 nihil
1475 498 1683 547 exstingui,

128 555 223 594 nihil
263 555 402 595 cadere
441 556 557 595 debet
599 567 753 606 eorum,
797 556 836 593 in
879 554 1022 605 quibus
1063 555 1139 593 vita
1181 553 1291 592 beata
1334 555 1524 593 consistit.
1588 554 1683 591 Nam

129 615 195 665 qui
238 614 390 654 timebit
430 626 478 653 ne
518 613 609 665 quid
650 626 695 652 ex
734 613 795 651 his
840 612 1045 665 deperdat,
1091 612 1228 651 beatus
1275 624 1360 651 esse
1406 625 1482 651 non
1527 614 1683 663 poterit.

127 671 315 712 Volumus
357 674 460 711 enim
504 684 611 724 eum,
651 673 715 723 qui
749 672 887 711 beatus
919 673 986 724 sit,
1025 678 1153 710 tutum
1187 683 1291 723 esse,
1330 670 1739 722 incx1›tignabilem,41

127 737 303 782 saeptum
337 737 452 782 atque
485 732 700 782 munitum,
733 743 810 769 non
844 736 886 770 ut
917 742 1035 781 parvo
1067 736 1173 769 metu
1206 729 1407 781 praeditus
1441 732 1508 781 sit,
1541 728 1607 768 sed
1643 735 1685 767 ut

128 789 245 829 nullo,
308 789 357 828 Ut
396 791 501 828 enim
539 791 729 828 innocens
767 791 800 827 is
840 789 1001 840 dicitur,
1047 801 1123 827 non
1163 790 1230 839 qui
1268 788 1406 827 leviter
1444 795 1576 839 nocet,
1615 787 1682 827 sed

130 850 197 900 qui
235 847 331 886 nihil
372 853 506 900 nocet,
551 849 607 887 sic
648 849 731 887 sine
771 854 878 887 metu
918 849 950 886 is
989 846 1192 886 habendus
1232 854 1308 900 est,
1346 859 1422 885 non
1464 848 1530 898 qui
1567 858 1683 897 parva

128 907 286 958 metuit,
325 906 392 945 sed
431 908 498 957 qui
537 908 695 945 omnino
735 912 841 945 metu
880 912 1000 945 vacat.
1063 905 1170 952 Quae
1210 912 1269 944 est
1315 907 1417 944 enim
1463 905 1533 944 alia
1576 906 1683 944 sorti-

126 964 220 1004 tudo
254 966 329 1003 nisi
361 966 478 1004 animi
511 965 677 1004 adfectio
711 977 799 1004 cum
832 967 871 1004 in
905 964 1083 1003 adeundo
1117 964 1292 1015 periculo
1326 970 1364 1003 et
1403 966 1442 1003 in
1475 963 1607 1003 labore
1641 975 1683 1002 ac

126 1023 258 1062 dolore
291 1025 461 1075 patiens,
495 1030 577 1063 tum
609 1024 746 1075 procul
779 1024 825 1062 ab
859 1025 964 1062 omni
997 1021 1136 1062 metu?
1197 1025 1323 1075 Atque
1350 1023 1445 1062 haec
1473 1029 1579 1062 certe
1607 1034 1683 1061 non
1698 1032 1771 1062 42-

126 1083 177 1121 ita
223 1093 264 1121 se
309 1081 516 1134 haberent,
561 1084 646 1127 nisi,
673 1095 787 1121 omne
826 1082 972 1121 honum
1012 1083 1052 1120 in
1093 1094 1166 1120 una
1199 1082 1403 1120 honestate
1438 1083 1683 1120 consisteret.

126 1140 201 1185 Qui
233 1146 363 1179 autem
395 1140 499 1179 illam
531 1153 710 1180 maxume
743 1147 913 1193 optatam
948 1146 985 1179 et
1019 1142 1229 1191 expetitam
1263 1142 1515 1180 securitatem
1541 1161 1598 1167 -
1625 1152 1683 1178 se-

127 1200 333 1238 curitatem
366 1204 496 1238 autem
529 1212 633 1238 nunc
667 1200 818 1252 appello
852 1201 1086 1238 vacuitatem
1119 1199 1393 1250 aegritudinis,
1425 1201 1464 1238 in
1499 1211 1573 1250 qua
1607 1200 1684 1237 vita

126 1257 238 1297 beata
275 1259 401 1309 posita
442 1264 501 1296 est
542 1279 590 1285 -
633 1258 777 1297 habere
824 1260 1030 1309 quisquam
1075 1263 1222 1310 potest,
1268 1259 1331 1297 cui
1377 1263 1443 1296 aut
1481 1257 1580 1296 adsit
1619 1263 1686 1296 aut

127 1316 261 1355 adesse
294 1317 419 1367 possit
450 1316 658 1355 multitudo
692 1314 912 1356 malorum?
975 1316 1050 1362 Qui
1083 1323 1214 1355 autem
1246 1318 1391 1368 poterit
1431 1328 1516 1355 esse
1557 1315 1686 1354 celsus

126 1381 165 1414 et
197 1380 353 1414 erectus
386 1380 425 1413 et
456 1387 518 1427 ea,
552 1387 649 1426 quae
682 1375 831 1414 homini
864 1375 1041 1414 accidere
1075 1381 1260 1427 possunt,
1298 1376 1426 1413 omnia
1466 1386 1583 1426 parva
1616 1373 1684 1413 du-

126 1445 236 1485 cens,
269 1433 423 1484 qualem
450 1435 666 1485 sapientem
694 1446 779 1473 esse
806 1434 1007 1486 volumus,
1040 1435 1113 1472 nisi
1145 1435 1274 1472 omnia
1306 1433 1381 1472 sibi
1412 1435 1452 1472 in
1486 1445 1527 1472 se
1560 1434 1685 1484 posita

126 1490 331 1531 censebit?
392 1492 448 1530 An
493 1492 808 1545 Lacedaemonii,
852 1492 1030 1544 Philippo
1079 1494 1282 1531 minitante
1333 1504 1403 1543 per
1446 1491 1597 1530 litteras
1645 1503 1686 1530 se

174 1627 267 1672 Kap.
295 1627 359 1663 14.
411 1632 453 1664 nt
496 1629 585 1681 inihi
622 1631 691 1664 cet.
751 1632 791 1664 nt
829 1629 879 1664 ist

127 1675 877 1758 {3252221053233153025322222325223

128 1769 390 1814 vorausgiuge.
440 1769 514 1804 Fiir
555 1769 682 1805 diesen
721 1769 878 1805 freieren

126 1814 324 1850 Auschluss
357 1815 456 1851 eines
493 1816 618 1851 Satzes
659 1817 728 1852 mit:
758 1821 798 1852 ut
831 1828 877 1852 an

128 1862 209 1897 eine
236 1861 355 1907 Frage
378 1862 466 1898 oder
484 1863 625 1898 Ausruf
643 1864 717 1908 vgl.
739 1864 753 1898 1
774 1867 793 1906 ξ
810 1868 876 1899 100

131 1908 160 1944 Ο
185 1909 305 1944 virum
334 1909 473 1954 Sparta
505 1911 674 1955 dignum,
712 1914 753 1945 ut
787 1911 876 1945 milei

130 1975 173 1981 —
200 1956 372 1992 innocens
392 1957 588 1992 damnatus
607 1967 680 1992 esse
698 1958 873 1993 videatur.

175 2003 263 2038 Iton
288 2013 385 2038 sane.
435 2003 533 2043 Plut.
574 2004 753 2049 apophth.
788 2004 874 2039 Lac.

126 2062 160 2094 p
176 2050 286 2084 2341?
305 2048 397 2094 πρὸς
416 2048 482 2085 τὸν
502 2053 754 2105 μακαρίζοντα
774 2048 875 2107 Λάμ-

126 2109 192 2131 πιν
237 2094 303 2132 τὸν
342 2095 562 2155 Αἰγινήτην,
608 2095 706 2133 ὃιότι
751 2095 875 2133 ἐδόκει

130 2141 404 2184 πλουσιώτατος
420 2141 518 2179 εἶναι
532 2143 745 2201 ναυκλήρια
758 2143 875 2180 πολλὰ

130 2188 242 2248 ἔχων,
280 2188 416 2225 Λάκων
455 2189 576 2227 εἶπεν·
623 2189 666 2226 οὖ
706 2191 870 2236 προςέχω

132 2235 389 2284 εὖδαιμονίᾳ’
373 2251 414 2272 εκ
430 2239 602 2282 σχοινίων
616 2235 871 2284 ἀπηρτημένῃ.

177 2274 406 2329 conpleatur,
436 2285 663 2330 vonstandjg
699 2286 874 2330 gemacht

129 2331 233 2366 wird.
283 2331 351 2366 Die
387 2331 543 2377 Tugend
580 2332 740 2367 bewirkt
776 2333 873 2367 nach

130 2378 195 2413 der
238 2378 358 2414 Lehre
402 2379 467 2414 der
510 2379 782 2424 Peripatetiker
827 2390 874 2414 an

132 2425 212 2460 sich
238 2425 297 2460 die
318 2425 634 2471 Gh'iekseligkeit,
662 2426 758 2462 doch
783 2426 875 2461 wird

133 2471 234 2508 diese
255 2472 370 2507 durch
391 2472 450 2508 die
470 2473 639 2509 ausseren
659 2473 775 2509 Giiter
794 2485 873 2509 ver-

129 2519 387 2564 vollstandigt.
440 2524 500 2564 16,
527 2524 571 2555 47
597 2521 657 2556 secl
681 2521 736 2556 his
762 2521 874 2556 vitam

132 2566 272 2601 beatam
297 2567 458 2610 conpleri
482 2571 625 2612 neyant.

177 2614 210 2648 si
247 2613 287 2648 id
324 2613 472 2648 bezieht
503 2614 582 2649 sich
614 2613 682 2649 auf
709 2615 804 2650 nihil
829 2631 873 2644 =

132 2660 226 2695 nihil
251 2661 356 2705 quocl.

180 2711 236 2742 41.
263 2710 426 2752 saeptum
455 2711 560 2752 atque
592 2709 773 2742 munitum
806 2708 876 2743 bil-

133 2753 204 2788 den
235 2764 448 2789 zusammen
481 2755 589 2789 einen
614 2754 770 2799 Begriff‚
802 2755 877 2789 und

136 2799 291 2836 deshalb
334 2801 483 2836 werden
527 2801 578 2836 sie
623 2801 738 2836 durch
773 2805 878 2846 atque

135 2847 351 2883 verbunden
418 2848 489 2883 den
549 2848 878 2894 vorhergehenden

951 1630 1297 1674 entgegengesetzt‚
1317 1628 1490 1672 obgleieh
1511 1629 1689 1662 munitum

950 1676 1014 1711 das
1040 1676 1149 1710 letzte
1176 1674 1285 1709 Glied
1311 1675 1375 1710 der
1400 1674 1517 1709 Reihe
1541 1675 1600 1709 ist.
1653 1674 1689 1711 S.

950 1735 978 1758 z.
1006 1723 1056 1757 ΙΙΙ
1083 1726 1121 1766 2,
1149 1727 1181 1757 3.
1232 1722 1281 1756 IV
1310 1726 1345 1764 7,
1375 1726 1427 1756 16.

992 1780 1112 1814 parva
1139 1770 1281 1812 metuit,
1309 1768 1372 1804 der
1398 1769 1475 1803 sich
1502 1769 1596 1803 auch
1621 1780 1690 1803 nur

949 1828 1015 1852 vor
1047 1816 1196 1851 kleinen
1227 1816 1372 1860 Dingen
1404 1815 1585 1859 furchtet‚
1620 1816 1689 1850 wie

949 1874 1014 1898 vor
1040 1863 1125 1897 dem
1150 1862 1304 1897 Verlust,
1335 1862 1399 1897 der
1429 1862 1690 1907 korperlichen

948 1910 1023 1945 und
1055 1909 1223 1944 ausseren
1256 1909 1389 1952 Giiter3
1417 1920 1538 1954 parva
1568 1911 1692 1945 metuit

948 1957 998 1992 ist
1024 1957 1102 1992 also
1129 1955 1253 2001 gleieh
1276 1967 1391 2001 parvo
1422 1960 1517 1991 metu
1545 1957 1691 2001 praecli-

948 2008 1007 2040 tus
1032 2007 1100 2047 est,
1126 2003 1201 2038 und
1227 2003 1286 2038 die
1306 2002 1414 2039 Form
1440 2003 1490 2038 ist
1514 2004 1690 2048 gewahlt‚

947 2063 1010 2085 um
1043 2051 1113 2085 den
1139 2050 1336 2085 Ausdruek
1369 2050 1453 2085 dem
1485 2050 1692 2095 Gegensatz

949 2098 1071 2133 leviter
1096 2101 1197 2132 nocet
1223 2096 1388 2132 conform
1416 2109 1460 2131 zu
1486 2097 1655 2132 macheu.

990 2145 1123 2189 procul
1160 2144 1309 2178 vei-tritt
1347 2144 1428 2178 hier
1464 2142 1693 2189 vollst‘andig

947 2191 1006 2226 die
1033 2191 1148 2226 Stelle
1176 2191 1276 2226 eines
1302 2190 1510 2235 Adjektivs,
1536 2191 1596 2226 ein
1622 2190 1691 2225 Ge·

946 2238 1103 2281 brauch,
1139 2237 1203 2272 der
1233 2238 1294 2272 bei
1326 2237 1399 2272 Cic.
1432 2238 1529 2272 noch
1561 2237 1691 2281 selten,

947 2285 1009 2320 bei
1033 2284 1160 2319 Livius
1195 2285 1310 2320 sehon
1341 2285 1469 2329 haufig
1501 2284 1560 2319 ist.
1611 2283 1691 2318 Liv.

949 2332 1051 2367 XXV
1078 2335 1110 2374 9,
1132 2335 1153 2366 2
1179 2342 1223 2367 ne
1248 2332 1329 2376 quis
1348 2332 1541 2376 ayrestz'um
1563 2332 1692 2376 procul

947 2382 1125 2424 spectator
1146 2379 1302 2424 agminis
1321 2379 1470 2421 falleret.
1516 2378 1600 2424 Vgl.
1617 2377 1690 2413 Cie.

948 2427 993 2461 de
1031 2426 1131 2461 deor.
1169 2427 1243 2460 nat.
1276 2426 1309 2459 11
1342 2429 1403 2469 66,
1432 2429 1498 2461 166
1531 2427 1692 2470 ipsorum

949 2474 1095 2509 deorum
1120 2483 1224 2517 saepe
1244 2474 1483 2516 praesentiae.

995 2524 1050 2555 42.
1089 2520 1174 2554 haec
1212 2540 1255 2544 —
1295 2530 1330 2554 se
1365 2520 1552 2562 haberent,
1591 2519 1691 2554 diese

947 2567 1265 2611 Furchtlosigkeit
1295 2567 1422 2601 wfirde
1454 2566 1559 2602 nicht
1589 2570 1691 2610 mog-

947 2615 1023 2650 lioh
1050 2614 1138 2648 sein.

997 2661 1222 2696 securitatem
1267 2678 1310 2690 =
1357 2657 1580 2703 ἀταραξίαν,
1632 2659 1691 2693 die

949 2707 1114 2742 Freiheit
1153 2719 1225 2742 von
1263 2707 1573 2742 Leidensehafteu
1615 2705 1691 2740 und

950 2754 1149 2790 besonders
1175 2765 1248 2789 von
1274 2754 1460 2788 Kummer.

997 2802 1059 2836 An
1079 2800 1376 2842 Lacedaemonii,
1401 2799 1476 2833 und
1503 2798 1581 2834 dass
1606 2810 1691 2833 man

951 2847 1050 2883 diese
1077 2848 1217 2882 Hoheit:
1244 2847 1307 2882 der
1329 2846 1544 2891 Gesinnung
1569 2845 1691 2881 haben
