<?xml version="1.0" encoding="UTF-8"?>
<!DOCTYPE html PUBLIC "-//W3C//DTD XHTML 1.0 Transitional//EN"
    "http://www.w3.org/TR/xhtml1/DTD/xhtml1-transitional.dtd">
<html xmlns="http://www.w3.org/1999/xhtml" xml:lang="en" lang="en">
 <head>
  <title>
</title>
<meta http-equiv="Content-Type" content="text/html;charset=utf-8" />
  <meta name='ocr-system' content='tesseract 3.04.00' />
  <meta name='ocr-capabilities' content='ocr_page ocr_carea ocr_par ocr_line ocrx_word'/>
</head>
<body>
  <div class='ocr_page' id='page_1' title='image "./tusculanarumdisp01ciceuoft_0300.png"; bbox 0 0 1833 3098; ppageno 0'>
   <div class='ocr_carea' id='block_1_1' title="bbox 215 89 1274 133">
    <p class='ocr_par' dir='ltr' id='par_1_1' title="bbox 215 89 1274 133">
     <span class='ocr_line' id='line_1_1' title="bbox 215 89 1274 133; baseline -0.008 0"><span class='ocrx_word' id='word_1_1' title='bbox 215 91 297 133; x_wconf 80' lang='grc'><em>158</em></span> <span class='ocrx_word' id='word_1_2' title='bbox 703 89 1274 126; x_wconf 84' lang='lat' dir='ltr'><strong>STELLEN-VERZEICHNIS.</strong></span> 
     </span>
    </p>
   </div>
   <div class='ocr_carea' id='block_1_2' title="bbox 876 223 1114 262">
    <p class='ocr_par' dir='ltr' id='par_1_2' title="bbox 876 223 1114 262">
     <span class='ocr_line' id='line_1_2' title="bbox 876 223 1114 262; baseline 0.004 -1"><span class='ocrx_word' id='word_1_3' title='bbox 876 224 924 261; x_wconf 90' lang='lat' dir='ltr'><em>II.</em></span> <span class='ocrx_word' id='word_1_4' title='bbox 957 223 1114 262; x_wconf 88' lang='lat' dir='ltr'><em>Buch.</em></span> 
     </span>
    </p>
   </div>
   <div class='ocr_carea' id='block_1_3' title="bbox 210 292 1771 752">
    <p class='ocr_par' dir='ltr' id='par_1_3' title="bbox 210 292 1771 752">
     <span class='ocr_line' id='line_1_3' title="bbox 331 292 1771 342; baseline 0.003 -11"><span class='ocrx_word' id='word_1_5' title='bbox 331 292 356 342; x_wconf 65' lang='grc' dir='ltr'>ξ</span> <span class='ocrx_word' id='word_1_6' title='bbox 387 296 452 331; x_wconf 89' lang='grc'><em>14.</em></span> <span class='ocrx_word' id='word_1_7' title='bbox 487 295 525 332; x_wconf 83' lang='lat' dir='ltr'><em>id</em></span> <span class='ocrx_word' id='word_1_8' title='bbox 555 295 677 332; x_wconf 84' lang='lat' dir='ltr'><em>dicere</em></span> <span class='ocrx_word' id='word_1_9' title='bbox 709 295 875 342; x_wconf 77' lang='lat' dir='ltr'><em>equidem</em></span> <span class='ocrx_word' id='word_1_10' title='bbox 908 293 1027 330; x_wconf 83' lang='lat' dir='ltr'><em>Halm</em></span> <span class='ocrx_word' id='word_1_11' title='bbox 1054 314 1108 319; x_wconf 98' lang='lat'><strong>—</strong></span> <span class='ocrx_word' id='word_1_12' title='bbox 1137 295 1175 331; x_wconf 85' lang='lat' dir='ltr'><em>id</em></span> <span class='ocrx_word' id='word_1_13' title='bbox 1206 295 1328 332; x_wconf 77' lang='lat' dir='ltr'><em>dicere</em></span> <span class='ocrx_word' id='word_1_14' title='bbox 1358 296 1519 342; x_wconf 74' lang='lat' dir='ltr'><em>quidem.</em></span> <span class='ocrx_word' id='word_1_15' title='bbox 1577 298 1643 334; x_wconf 89' lang='lat'><em>17.</em></span> <span class='ocrx_word' id='word_1_16' title='bbox 1667 297 1771 335; x_wconf 90' lang='lat' dir='ltr'><em>Her-</em></span> 
     </span>
     <span class='ocr_line' id='line_1_4' title="bbox 212 350 1768 402; baseline 0.002 -11"><span class='ocrx_word' id='word_1_17' title='bbox 212 354 291 391; x_wconf 79' lang='lat' dir='ltr'><em>cule</em></span> <span class='ocrx_word' id='word_1_18' title='bbox 328 354 445 401; x_wconf 75' lang='lat' dir='ltr'><em>(liqna</em></span> <span class='ocrx_word' id='word_1_19' title='bbox 479 373 530 378; x_wconf 92' lang='lat'>—</span> <span class='ocrx_word' id='word_1_20' title='bbox 570 350 783 401; x_wconf 80' lang='lat' dir='ltr'><em>[Hercule]</em></span> <span class='ocrx_word' id='word_1_21' title='bbox 826 354 954 400; x_wconf 72' lang='lat' dir='ltr'><em>diqna.</em></span> <span class='ocrx_word' id='word_1_22' title='bbox 1030 353 1093 390; x_wconf 86' lang='lat'><em>19.</em></span> <span class='ocrx_word' id='word_1_23' title='bbox 1132 354 1196 398; x_wconf 80' lang='lat' dir='ltr'><em>qui</em></span> <span class='ocrx_word' id='word_1_24' title='bbox 1239 353 1352 391; x_wconf 85' lang='lat' dir='ltr'><em>salsis</em></span> <span class='ocrx_word' id='word_1_25' title='bbox 1389 353 1555 392; x_wconf 86' lang='lat' dir='ltr'><em>Hdschr.</em></span> <span class='ocrx_word' id='word_1_26' title='bbox 1594 375 1650 381; x_wconf 93' lang='lat'><em>-—</em></span> <span class='ocrx_word' id='word_1_27' title='bbox 1682 357 1768 402; x_wconf 78' lang='lat' dir='ltr'><em>quis</em></span> 
     </span>
     <span class='ocr_line' id='line_1_5' title="bbox 211 410 1768 460; baseline 0.001 -10"><span class='ocrx_word' id='word_1_28' title='bbox 211 413 335 450; x_wconf 79' lang='lat' dir='ltr'><em>salsis.</em></span> <span class='ocrx_word' id='word_1_29' title='bbox 407 413 472 449; x_wconf 85' lang='lat'><em>20.</em></span> <span class='ocrx_word' id='word_1_30' title='bbox 506 412 622 449; x_wconf 84' lang='lat' dir='ltr'><em>latere</em></span> <span class='ocrx_word' id='word_1_31' title='bbox 657 411 858 449; x_wconf 72' lang='lat' dir='ltr'><em>inhaerens</em></span> <span class='ocrx_word' id='word_1_32' title='bbox 896 410 1062 448; x_wconf 84' lang='lat' dir='ltr'><em>Hdschr.</em></span> <span class='ocrx_word' id='word_1_33' title='bbox 1101 430 1158 436; x_wconf 92' lang='lat'>—</span> <span class='ocrx_word' id='word_1_34' title='bbox 1197 411 1308 448; x_wconf 86' lang='lat' dir='ltr'><em>lateri</em></span> <span class='ocrx_word' id='word_1_35' title='bbox 1344 412 1556 450; x_wconf 75' lang='lat' dir='ltr'><em>inhaerens.-</em></span> <span class='ocrx_word' id='word_1_36' title='bbox 1602 414 1768 460; x_wconf 80' lang='lat' dir='ltr'><em>feminae</em></span> 
     </span>
     <span class='ocr_line' id='line_1_6' title="bbox 210 469 1769 519; baseline 0.001 -12"><span class='ocrx_word' id='word_1_37' title='bbox 210 471 271 508; x_wconf 72' lang='lat' dir='ltr'><em>vir</em></span> <span class='ocrx_word' id='word_1_38' title='bbox 303 469 549 519; x_wconf 83' lang='lat' dir='ltr'><em>Wesenberg</em></span> <span class='ocrx_word' id='word_1_39' title='bbox 581 491 635 495; x_wconf 97' lang='lat'><strong>—</strong></span> <span class='ocrx_word' id='word_1_40' title='bbox 674 470 839 516; x_wconf 81' lang='lat' dir='ltr'><em>feminea</em></span> <span class='ocrx_word' id='word_1_41' title='bbox 875 471 946 506; x_wconf 74' lang='lat' dir='ltr'><em>vir.</em></span> <span class='ocrx_word' id='word_1_42' title='bbox 995 480 1042 506; x_wconf 89' lang='lat' dir='ltr'><em>ne</em></span> <span class='ocrx_word' id='word_1_43' title='bbox 1077 480 1135 506; x_wconf 86' lang='lat' dir='ltr'><em>me</em></span> <span class='ocrx_word' id='word_1_44' title='bbox 1171 470 1396 507; x_wconf 83' lang='lat' dir='ltr'><em>occidentem</em></span> <span class='ocrx_word' id='word_1_45' title='bbox 1431 470 1601 509; x_wconf 84' lang='lat' dir='ltr'><em>Hdschr.</em></span> <span class='ocrx_word' id='word_1_46' title='bbox 1637 492 1685 498; x_wconf 89' lang='lat'><strong>—</strong></span> <span class='ocrx_word' id='word_1_47' title='bbox 1720 482 1769 509; x_wconf 85' lang='lat' dir='ltr'><em>ne</em></span> 
     </span>
     <span class='ocr_line' id='line_1_7' title="bbox 211 526 1766 578; baseline 0.001 -12"><span class='ocrx_word' id='word_1_48' title='bbox 211 540 269 566; x_wconf 89' lang='lat' dir='ltr'><em>me</em></span> <span class='ocrx_word' id='word_1_49' title='bbox 309 529 505 566; x_wconf 82' lang='lat' dir='ltr'><em>occidente.</em></span> <span class='ocrx_word' id='word_1_50' title='bbox 583 529 648 565; x_wconf 92' lang='lat'><em>21.</em></span> <span class='ocrx_word' id='word_1_51' title='bbox 691 530 937 566; x_wconf 77' lang='lat' dir='ltr'><em>evisceratum</em></span> <span class='ocrx_word' id='word_1_52' title='bbox 979 539 1077 574; x_wconf 72' lang='lat' dir='ltr'><em>corp.</em></span> <span class='ocrx_word' id='word_1_53' title='bbox 1121 526 1288 565; x_wconf 87' lang='lat' dir='ltr'><em>Hdschr.</em></span> <span class='ocrx_word' id='word_1_54' title='bbox 1329 549 1385 554; x_wconf 82' lang='lat'>—</span> <span class='ocrx_word' id='word_1_55' title='bbox 1430 531 1624 567; x_wconf 81' lang='lat' dir='ltr'><em>eviscerati</em></span> <span class='ocrx_word' id='word_1_56' title='bbox 1665 541 1766 578; x_wconf 54' lang='lat' dir='ltr'><em>corp.</em></span> 
     </span>
     <span class='ocr_line' id='line_1_8' title="bbox 213 584 1770 635; baseline 0.001 -10"><span class='ocrx_word' id='word_1_57' title='bbox 213 588 277 625; x_wconf 92' lang='lat'><em>26.</em></span> <span class='ocrx_word' id='word_1_58' title='bbox 312 590 346 624; x_wconf 86' lang='lat' dir='ltr'><em>et</em></span> <span class='ocrx_word' id='word_1_59' title='bbox 368 588 531 634; x_wconf 74' lang='lat' dir='ltr'><em>proprio</em></span> <span class='ocrx_word' id='word_1_60' title='bbox 562 597 718 623; x_wconf 77' lang='lat' dir='ltr'><em>numero</em></span> <span class='ocrx_word' id='word_1_61' title='bbox 751 585 921 635; x_wconf 70' lang='lat' dir='ltr'><em>Seyffert</em></span> <span class='ocrx_word' id='word_1_62' title='bbox 947 606 1001 611; x_wconf 86' lang='lat'><em>-—</em></span> <span class='ocrx_word' id='word_1_63' title='bbox 1027 585 1085 634; x_wconf 88' lang='lat' dir='ltr'><em>[et</em></span> <span class='ocrx_word' id='word_1_64' title='bbox 1101 584 1331 633; x_wconf 71' lang='lat' dir='ltr'><em>proprium]</em></span> <span class='ocrx_word' id='word_1_65' title='bbox 1356 590 1492 625; x_wconf 84' lang='lat' dir='ltr'><em>noster.</em></span> <span class='ocrx_word' id='word_1_66' title='bbox 1535 589 1631 625; x_wconf 83' lang='lat' dir='ltr'><em>verti</em></span> <span class='ocrx_word' id='word_1_67' title='bbox 1655 589 1770 626; x_wconf 85' lang='lat' dir='ltr'><em>etiam</em></span> 
     </span>
     <span class='ocr_line' id='line_1_9' title="bbox 212 640 1771 694; baseline 0.001 -12"><span class='ocrx_word' id='word_1_68' title='bbox 212 645 333 682; x_wconf 84' lang='lat' dir='ltr'><strong>Halm</strong></span> <span class='ocrx_word' id='word_1_69' title='bbox 358 666 415 671; x_wconf 88' lang='lat'><em>——</em></span> <span class='ocrx_word' id='word_1_70' title='bbox 447 646 542 682; x_wconf 69' lang='lat' dir='ltr'><em>verti</em></span> <span class='ocrx_word' id='word_1_71' title='bbox 574 640 686 694; x_wconf 72' lang='lat' dir='ltr'><em>(verti</em></span> <span class='ocrx_word' id='word_1_72' title='bbox 718 646 817 682; x_wconf 77' lang='lat' dir='ltr'><em>enim</em></span> <span class='ocrx_word' id='word_1_73' title='bbox 849 641 1047 694; x_wconf 81' lang='lat' dir='ltr'><strong>Hdschr.).</strong></span> <span class='ocrx_word' id='word_1_74' title='bbox 1111 645 1176 681; x_wconf 84' lang='grc'><strong>27.</strong></span> <span class='ocrx_word' id='word_1_75' title='bbox 1210 648 1243 681; x_wconf 83' lang='lat' dir='ltr'><em>et</em></span> <span class='ocrx_word' id='word_1_76' title='bbox 1274 646 1476 683; x_wconf 71' lang='lat' dir='ltr'><em>ediscimus</em></span> <span class='ocrx_word' id='word_1_77' title='bbox 1496 645 1615 683; x_wconf 75' lang='lat' dir='ltr'><em>,Bake</em></span> <span class='ocrx_word' id='word_1_78' title='bbox 1649 645 1771 685; x_wconf 80' lang='lat' dir='ltr'><em>schol.</em></span> 
     </span>
     <span class='ocr_line' id='line_1_10' title="bbox 211 702 1770 752; baseline 0.001 -12"><span class='ocrx_word' id='word_1_79' title='bbox 211 704 394 752; x_wconf 84' lang='lat' dir='ltr'>hypomn.</span> <span class='ocrx_word' id='word_1_80' title='bbox 421 702 478 739; x_wconf 92' lang='lat' dir='ltr'><em>IV</em></span> <span class='ocrx_word' id='word_1_81' title='bbox 503 716 539 751; x_wconf 89' lang='lat' dir='ltr'><em>p.</em></span> <span class='ocrx_word' id='word_1_82' title='bbox 562 704 615 741; x_wconf 88' lang='lat'><em>83</em></span> <span class='ocrx_word' id='word_1_83' title='bbox 647 723 694 728; x_wconf 97' lang='lat'><strong>—</strong></span> <span class='ocrx_word' id='word_1_84' title='bbox 726 705 758 740; x_wconf 88' lang='lat' dir='ltr'><em>et</em></span> <span class='ocrx_word' id='word_1_85' title='bbox 783 704 973 740; x_wconf 78' lang='lat' dir='ltr'><em>discimus.</em></span> <span class='ocrx_word' id='word_1_86' title='bbox 1037 703 1102 741; x_wconf 89' lang='lat'><em>30.</em></span> <span class='ocrx_word' id='word_1_87' title='bbox 1136 704 1415 750; x_wconf 72' lang='lat' dir='ltr'><em>complectimur</em></span> <span class='ocrx_word' id='word_1_88' title='bbox 1446 704 1572 742; x_wconf 85' lang='lat' dir='ltr'><em>Heine</em></span> <span class='ocrx_word' id='word_1_89' title='bbox 1604 725 1652 730; x_wconf 93' lang='lat'><strong>—</strong></span> <span class='ocrx_word' id='word_1_90' title='bbox 1687 716 1770 743; x_wconf 86' lang='lat' dir='ltr'><em>am-</em></span> 
     </span>
    </p>
   </div>
   <div class='ocr_carea' id='block_1_4' title="bbox 204 754 1833 809">
    <p class='ocr_par' dir='ltr' id='par_1_4' title="bbox 204 754 1833 809">
     <span class='ocr_line' id='line_1_11' title="bbox 204 754 1833 809; baseline 0.001 -10"><span class='ocrx_word' id='word_1_91' title='bbox 204 763 418 809; x_wconf 74' lang='lat' dir='ltr'><em>plectimur.</em></span> <span class='ocrx_word' id='word_1_92' title='bbox 464 773 528 799; x_wconf 81' lang='lat' dir='ltr'><em>ncc</em></span> <span class='ocrx_word' id='word_1_93' title='bbox 565 761 710 799; x_wconf 81' lang='lat' dir='ltr'><em>malum</em></span> <span class='ocrx_word' id='word_1_94' title='bbox 746 762 884 804; x_wconf 77' lang='lat' dir='ltr'><em>ullum,</em></span> <span class='ocrx_word' id='word_1_95' title='bbox 922 773 969 799; x_wconf 74' lang='lat' dir='ltr'><em>ne</em></span> <span class='ocrx_word' id='word_1_96' title='bbox 1006 763 1039 798; x_wconf 82' lang='lat' dir='ltr'><em>si</em></span> <span class='ocrx_word' id='word_1_97' title='bbox 1079 763 1116 798; x_wconf 84' lang='lat' dir='ltr'><em>in</em></span> <span class='ocrx_word' id='word_1_98' title='bbox 1154 774 1275 799; x_wconf 73' lang='lat' dir='ltr'><em>imum</em></span> <span class='ocrx_word' id='word_1_99' title='bbox 1311 763 1462 809; x_wconf 71' lang='lat' dir='ltr'><em>quidem</em></span> <span class='ocrx_word' id='word_1_100' title='bbox 1499 763 1621 800; x_wconf 76' lang='lat' dir='ltr'><em>locum</em></span> <span class='ocrx_word' id='word_1_101' title='bbox 1658 762 1771 801; x_wconf 86' lang='lat' dir='ltr'><em>Bake</em></span> <span class='ocrx_word' id='word_1_102' title='bbox 1832 754 1833 761; x_wconf 12' lang='grc' dir='ltr'>ἵ</span> 
     </span>
    </p>
   </div>
   <div class='ocr_carea' id='block_1_5' title="bbox 206 820 1773 1749">
    <p class='ocr_par' dir='ltr' id='par_1_5' title="bbox 206 820 1773 1749">
     <span class='ocr_line' id='line_1_12' title="bbox 210 820 1768 868; baseline 0.001 -10"><span class='ocrx_word' id='word_1_103' title='bbox 210 821 235 858; x_wconf 91' lang='lat' dir='ltr'><em>l.</em></span> <span class='ocrx_word' id='word_1_104' title='bbox 268 821 292 857; x_wconf 94' lang='lat' dir='ltr'><em>l.</em></span> <span class='ocrx_word' id='word_1_105' title='bbox 330 833 366 868; x_wconf 90' lang='lat' dir='ltr'><em>p.</em></span> <span class='ocrx_word' id='word_1_106' title='bbox 396 821 449 858; x_wconf 85' lang='lat'><em>83</em></span> <span class='ocrx_word' id='word_1_107' title='bbox 493 841 540 845; x_wconf 85' lang='lat'><strong>—</strong></span> <span class='ocrx_word' id='word_1_108' title='bbox 582 831 630 857; x_wconf 85' lang='lat' dir='ltr'><em>ne</em></span> <span class='ocrx_word' id='word_1_109' title='bbox 665 821 810 857; x_wconf 77' lang='lat' dir='ltr'><em>malum</em></span> <span class='ocrx_word' id='word_1_110' title='bbox 851 821 1000 867; x_wconf 71' lang='lat' dir='ltr'><em>quidem</em></span> <span class='ocrx_word' id='word_1_111' title='bbox 1043 820 1163 856; x_wconf 71' lang='lat' dir='ltr'><em>ullzim</em></span> <span class='ocrx_word' id='word_1_112' title='bbox 1209 832 1274 857; x_wconf 77' lang='lat' dir='ltr'><em>nec</em></span> <span class='ocrx_word' id='word_1_113' title='bbox 1317 822 1350 858; x_wconf 85' lang='lat' dir='ltr'><em>si</em></span> <span class='ocrx_word' id='word_1_114' title='bbox 1395 823 1435 858; x_wconf 80' lang='lat' dir='ltr'><em>in</em></span> <span class='ocrx_word' id='word_1_115' title='bbox 1470 833 1592 859; x_wconf 74' lang='lat' dir='ltr'><em>unum</em></span> <span class='ocrx_word' id='word_1_116' title='bbox 1635 822 1768 860; x_wconf 82' lang='lat' dir='ltr'><em>locwm.</em></span> 
     </span>
     <span class='ocr_line' id='line_1_13' title="bbox 213 877 1770 926; baseline 0.001 -10"><span class='ocrx_word' id='word_1_117' title='bbox 213 880 277 917; x_wconf 86' lang='lat'><em>35.</em></span> <span class='ocrx_word' id='word_1_118' title='bbox 306 879 432 925; x_wconf 71' lang='lat' dir='ltr'><em>differt</em></span> <span class='ocrx_word' id='word_1_119' title='bbox 458 878 624 915; x_wconf 86' lang='lat' dir='ltr'><em>Hdschr.</em></span> <span class='ocrx_word' id='word_1_120' title='bbox 651 898 708 903; x_wconf 92' lang='lat'><em>—-</em></span> <span class='ocrx_word' id='word_1_121' title='bbox 734 879 915 923; x_wconf 79' lang='lat' dir='ltr'><em>differunt</em></span> <span class='ocrx_word' id='word_1_122' title='bbox 940 890 967 915; x_wconf 79' lang='lat' dir='ltr'><em>s.</em></span> <span class='ocrx_word' id='word_1_123' title='bbox 995 877 1124 915; x_wconf 81' lang='lat' dir='ltr'><strong>Madv.</strong></span> <span class='ocrx_word' id='word_1_124' title='bbox 1152 878 1198 915; x_wconf 88' lang='lat' dir='ltr'><em>de</em></span> <span class='ocrx_word' id='word_1_125' title='bbox 1225 878 1286 915; x_wconf 90' lang='lat' dir='ltr'><strong>fin.</strong></span> <span class='ocrx_word' id='word_1_126' title='bbox 1314 891 1350 926; x_wconf 87' lang='lat' dir='ltr'><em>p.</em></span> <span class='ocrx_word' id='word_1_127' title='bbox 1372 880 1469 916; x_wconf 91' lang='lat'><strong>431.</strong></span> <span class='ocrx_word' id='word_1_128' title='bbox 1523 881 1591 918; x_wconf 87' lang='lat'><em>36.</em></span> <span class='ocrx_word' id='word_1_129' title='bbox 1617 880 1770 918; x_wconf 76' lang='lat' dir='ltr'><em>Eurota</em></span> 
     </span>
     <span class='ocr_line' id='line_1_14' title="bbox 208 935 1766 985; baseline 0.001 -11"><span class='ocrx_word' id='word_1_130' title='bbox 208 937 374 975; x_wconf 83' lang='lat' dir='ltr'><em>Hdschr.</em></span> <span class='ocrx_word' id='word_1_131' title='bbox 417 958 465 962; x_wconf 98' lang='lat'><strong>—</strong></span> <span class='ocrx_word' id='word_1_132' title='bbox 508 937 689 974; x_wconf 77' lang='lat' dir='ltr'><em>Eurotas.</em></span> <span class='ocrx_word' id='word_1_133' title='bbox 734 937 873 973; x_wconf 84' lang='lat' dir='ltr'><em>militia</em></span> <span class='ocrx_word' id='word_1_134' title='bbox 910 935 1076 974; x_wconf 81' lang='lat' dir='ltr'><em>Hdschr.</em></span> <span class='ocrx_word' id='word_1_135' title='bbox 1117 956 1171 961; x_wconf 97' lang='lat'><strong>—</strong></span> <span class='ocrx_word' id='word_1_136' title='bbox 1208 937 1377 974; x_wconf 82' lang='lat' dir='ltr'><em>militiae.</em></span> <span class='ocrx_word' id='word_1_137' title='bbox 1441 938 1506 976; x_wconf 85' lang='lat'><em>37.</em></span> <span class='ocrx_word' id='word_1_138' title='bbox 1540 949 1676 985; x_wconf 61' lang='lat' dir='ltr'><em>agmen</em></span> <span class='ocrx_word' id='word_1_139' title='bbox 1714 938 1766 976; x_wconf 83' lang='lat' dir='ltr'><em>ad</em></span> 
     </span>
     <span class='ocr_line' id='line_1_15' title="bbox 208 993 1770 1043; baseline 0.001 -11"><span class='ocrx_word' id='word_1_140' title='bbox 208 997 341 1034; x_wconf 83' lang='lat' dir='ltr'><em>tibiam</em></span> <span class='ocrx_word' id='word_1_141' title='bbox 366 995 503 1043; x_wconf 75' lang='lat' dir='ltr'><em>Haupt</em></span> <span class='ocrx_word' id='word_1_142' title='bbox 528 994 629 1032; x_wconf 86' lang='lat' dir='ltr'><em>Phil.</em></span> <span class='ocrx_word' id='word_1_143' title='bbox 655 994 695 1031; x_wconf 90' lang='grc' dir='ltr'>Π</span> <span class='ocrx_word' id='word_1_144' title='bbox 720 1007 755 1043; x_wconf 91' lang='lat' dir='ltr'><em>p.</em></span> <span class='ocrx_word' id='word_1_145' title='bbox 780 996 863 1032; x_wconf 87' lang='lat'><em>130</em></span> <span class='ocrx_word' id='word_1_146' title='bbox 893 1015 942 1019; x_wconf 97' lang='lat'><strong>—</strong></span> <span class='ocrx_word' id='word_1_147' title='bbox 978 993 1064 1041; x_wconf 70' lang='lat' dir='ltr'><em>†a(l</em></span> <span class='ocrx_word' id='word_1_148' title='bbox 1093 995 1247 1031; x_wconf 77' lang='lat' dir='ltr'><em>modum</em></span> <span class='ocrx_word' id='word_1_149' title='bbox 1279 995 1330 1032; x_wconf 84' lang='lat' dir='ltr'><em>ad</em></span> <span class='ocrx_word' id='word_1_150' title='bbox 1361 996 1502 1033; x_wconf 82' lang='lat' dir='ltr'><em>tibiam.</em></span> <span class='ocrx_word' id='word_1_151' title='bbox 1561 996 1629 1040; x_wconf 66' lang='lat'><em>39,</em></span> <span class='ocrx_word' id='word_1_152' title='bbox 1661 994 1770 1034; x_wconf 78' lang='lat' dir='ltr'><em>Certe</em></span> 
     </span>
     <span class='ocr_line' id='line_1_16' title="bbox 207 1053 1769 1103; baseline 0 -12"><span class='ocrx_word' id='word_1_153' title='bbox 207 1054 432 1102; x_wconf 73' lang='lat' dir='ltr'><em>Eurypylus</em></span> <span class='ocrx_word' id='word_1_154' title='bbox 475 1054 534 1091; x_wconf 80' lang='lat' dir='ltr'><em>hic</em></span> <span class='ocrx_word' id='word_1_155' title='bbox 572 1054 722 1100; x_wconf 74' lang='lat' dir='ltr'><em>quidem</em></span> <span class='ocrx_word' id='word_1_156' title='bbox 760 1056 821 1090; x_wconf 81' lang='lat' dir='ltr'><em>est.</em></span> <span class='ocrx_word' id='word_1_157' title='bbox 887 1053 1092 1090; x_wconf 86' lang='lat' dir='ltr'><em>Hominem</em></span> <span class='ocrx_word' id='word_1_158' title='bbox 1130 1055 1342 1090; x_wconf 72' lang='lat' dir='ltr'><em>exercitum.</em></span> <span class='ocrx_word' id='word_1_159' title='bbox 1404 1053 1542 1091; x_wconf 78' lang='lat' dir='ltr'><em>Baiter</em></span> <span class='ocrx_word' id='word_1_160' title='bbox 1578 1053 1670 1103; x_wconf 74' lang='lat' dir='ltr'><em>fflgt</em></span> <span class='ocrx_word' id='word_1_161' title='bbox 1706 1053 1769 1091; x_wconf 87' lang='lat' dir='ltr'><em>die</em></span> 
     </span>
     <span class='ocr_line' id='line_1_17' title="bbox 209 1110 1771 1161; baseline 0.001 -13"><span class='ocrx_word' id='word_1_162' title='bbox 209 1112 349 1150; x_wconf 79' lang='lat' dir='ltr'><em>Worte</em></span> <span class='ocrx_word' id='word_1_163' title='bbox 390 1112 463 1149; x_wconf 76' lang='lat' dir='ltr'><em>mit</em></span> <span class='ocrx_word' id='word_1_164' title='bbox 504 1112 752 1161; x_wconf 73' lang='lat' dir='ltr'><em>Auslassung</em></span> <span class='ocrx_word' id='word_1_165' title='bbox 791 1124 870 1149; x_wconf 86' lang='lat' dir='ltr'><em>von</em></span> <span class='ocrx_word' id='word_1_166' title='bbox 911 1115 963 1149; x_wconf 82' lang='lat' dir='ltr'><em>est</em></span> <span class='ocrx_word' id='word_1_167' title='bbox 1002 1111 1060 1148; x_wconf 82' lang='lat' dir='ltr'><em>als</em></span> <span class='ocrx_word' id='word_1_168' title='bbox 1099 1110 1199 1149; x_wconf 87' lang='lat' dir='ltr'><em>Vers</em></span> <span class='ocrx_word' id='word_1_169' title='bbox 1241 1124 1291 1148; x_wconf 82' lang='lat' dir='ltr'><em>an</em></span> <span class='ocrx_word' id='word_1_170' title='bbox 1332 1111 1411 1148; x_wconf 86' lang='lat' dir='ltr'><em>und</em></span> <span class='ocrx_word' id='word_1_171' title='bbox 1451 1112 1543 1150; x_wconf 73' lang='lat' dir='ltr'><em>teilt</em></span> <span class='ocrx_word' id='word_1_172' title='bbox 1583 1112 1638 1150; x_wconf 85' lang='lat' dir='ltr'><em>sie</em></span> <span class='ocrx_word' id='word_1_173' title='bbox 1679 1111 1771 1150; x_wconf 82' lang='lat' dir='ltr'><em>dem</em></span> 
     </span>
     <span class='ocr_line' id='line_1_18' title="bbox 207 1168 1771 1218; baseline 0.001 -10"><span class='ocrx_word' id='word_1_174' title='bbox 207 1170 419 1208; x_wconf 78' lang='lat' dir='ltr'><em>Patroklus</em></span> <span class='ocrx_word' id='word_1_175' title='bbox 457 1184 513 1208; x_wconf 86' lang='lat' dir='ltr'><em>zu.</em></span> <span class='ocrx_word' id='word_1_176' title='bbox 575 1172 649 1208; x_wconf 83' lang='lat' dir='ltr'><em>sibi</em></span> <span class='ocrx_word' id='word_1_177' title='bbox 678 1174 867 1218; x_wconf 71' lang='lat' dir='ltr'><em>paratam</em></span> <span class='ocrx_word' id='word_1_178' title='bbox 904 1168 1070 1207; x_wconf 63' lang='lat' dir='ltr'><em>Hdsehx.</em></span> <span class='ocrx_word' id='word_1_179' title='bbox 1111 1190 1164 1196; x_wconf 92' lang='lat'><em>—-</em></span> <span class='ocrx_word' id='word_1_180' title='bbox 1203 1171 1276 1208; x_wconf 82' lang='lat' dir='ltr'><em>sibi</em></span> <span class='ocrx_word' id='word_1_181' title='bbox 1311 1173 1509 1217; x_wconf 73' lang='lat' dir='ltr'><em>paratum.</em></span> <span class='ocrx_word' id='word_1_182' title='bbox 1560 1182 1637 1208; x_wconf 85' lang='lat' dir='ltr'><em>non</em></span> <span class='ocrx_word' id='word_1_183' title='bbox 1665 1172 1771 1218; x_wconf 72' lang='lat' dir='ltr'><em>potis</em></span> 
     </span>
     <span class='ocr_line' id='line_1_19' title="bbox 207 1228 1769 1277; baseline 0 -10"><span class='ocrx_word' id='word_1_184' title='bbox 207 1229 330 1268; x_wconf 83' lang='lat' dir='ltr'><em>Davis</em></span> <span class='ocrx_word' id='word_1_185' title='bbox 361 1250 420 1255; x_wconf 92' lang='lat'><em>——</em></span> <span class='ocrx_word' id='word_1_186' title='bbox 452 1241 527 1267; x_wconf 83' lang='lat' dir='ltr'><em>non</em></span> <span class='ocrx_word' id='word_1_187' title='bbox 556 1232 684 1276; x_wconf 80' lang='lat' dir='ltr'><em>potest.</em></span> <span class='ocrx_word' id='word_1_188' title='bbox 719 1230 941 1267; x_wconf 72' lang='lat' dir='ltr'><em>inclinatam</em></span> <span class='ocrx_word' id='word_1_189' title='bbox 979 1229 1080 1266; x_wconf 81' lang='lat' dir='ltr'><em>dedit</em></span> <span class='ocrx_word' id='word_1_190' title='bbox 1110 1228 1259 1277; x_wconf 82' lang='lat' dir='ltr'><em>Bergk,</em></span> <span class='ocrx_word' id='word_1_191' title='bbox 1298 1229 1378 1277; x_wconf 82' lang='lat' dir='ltr'><strong>vgl.</strong></span> <span class='ocrx_word' id='word_1_192' title='bbox 1410 1228 1586 1267; x_wconf 83' lang='lat' dir='ltr'><em>Ribbeck</em></span> <span class='ocrx_word' id='word_1_193' title='bbox 1617 1231 1667 1267; x_wconf 76' lang='lat' dir='ltr'><em>tr.</em></span> <span class='ocrx_word' id='word_1_194' title='bbox 1698 1230 1769 1268; x_wconf 75' lang='lat' dir='ltr'><strong>lat.</strong></span> 
     </span>
     <span class='ocr_line' id='line_1_20' title="bbox 207 1286 1770 1338; baseline 0.001 -13"><span class='ocrx_word' id='word_1_195' title='bbox 207 1288 348 1338; x_wconf 81' lang='lat' dir='ltr'><strong>fragm.</strong></span> <span class='ocrx_word' id='word_1_196' title='bbox 380 1302 416 1337; x_wconf 92' lang='lat' dir='ltr'><em>p.</em></span> <span class='ocrx_word' id='word_1_197' title='bbox 445 1290 496 1326; x_wconf 87' lang='lat'><em>62</em></span> <span class='ocrx_word' id='word_1_198' title='bbox 532 1309 586 1313; x_wconf 97' lang='lat'><strong>—</strong></span> <span class='ocrx_word' id='word_1_199' title='bbox 620 1288 853 1326; x_wconf 78' lang='lat' dir='ltr'><em>inclinatam.</em></span> <span class='ocrx_word' id='word_1_200' title='bbox 917 1289 983 1325; x_wconf 87' lang='lat'><em>40.</em></span> <span class='ocrx_word' id='word_1_201' title='bbox 1010 1298 1124 1334; x_wconf 76' lang='lat' dir='ltr'><em>posse</em></span> <span class='ocrx_word' id='word_1_202' title='bbox 1155 1288 1334 1325; x_wconf 81' lang='lat' dir='ltr'><em>clamabit</em></span> <span class='ocrx_word' id='word_1_203' title='bbox 1373 1286 1541 1325; x_wconf 87' lang='lat' dir='ltr'><em>Hdschr.</em></span> <span class='ocrx_word' id='word_1_204' title='bbox 1578 1308 1628 1314; x_wconf 87' lang='lat'><em>-—</em></span> <span class='ocrx_word' id='word_1_205' title='bbox 1655 1299 1770 1335; x_wconf 77' lang='lat' dir='ltr'><em>posse</em></span> 
     </span>
     <span class='ocr_line' id='line_1_21' title="bbox 208 1347 1770 1394; baseline 0 -9"><span class='ocrx_word' id='word_1_206' title='bbox 208 1359 247 1385; x_wconf 82' lang='lat' dir='ltr'><em>se</em></span> <span class='ocrx_word' id='word_1_207' title='bbox 285 1348 472 1385; x_wconf 85' lang='lat' dir='ltr'><em>clamabit.</em></span> <span class='ocrx_word' id='word_1_208' title='bbox 519 1349 557 1384; x_wconf 80' lang='lat' dir='ltr'><em>in</em></span> <span class='ocrx_word' id='word_1_209' title='bbox 594 1349 680 1384; x_wconf 83' lang='lat' dir='ltr'><em>nive</em></span> <span class='ocrx_word' id='word_1_210' title='bbox 719 1348 757 1384; x_wconf 83' lang='lat' dir='ltr'><em>in</em></span> <span class='ocrx_word' id='word_1_211' title='bbox 793 1347 998 1388; x_wconf 75' lang='lat' dir='ltr'><em>montibus,</em></span> <span class='ocrx_word' id='word_1_212' title='bbox 1042 1348 1106 1383; x_wconf 79' lang='lat' dir='ltr'><em>uri</em></span> <span class='ocrx_word' id='word_1_213' title='bbox 1149 1357 1187 1383; x_wconf 83' lang='lat' dir='ltr'><em>se</em></span> <span class='ocrx_word' id='word_1_214' title='bbox 1223 1347 1432 1392; x_wconf 71' lang='lat' dir='ltr'><em>patiuntur</em></span> <span class='ocrx_word' id='word_1_215' title='bbox 1467 1347 1580 1390; x_wconf 86' lang='lat' dir='ltr'><em>Indi,</em></span> <span class='ocrx_word' id='word_1_216' title='bbox 1617 1347 1770 1394; x_wconf 76' lang='lat' dir='ltr'><em>puyiles</em></span> 
     </span>
     <span class='ocr_line' id='line_1_22' title="bbox 208 1402 1771 1455; baseline -0.001 -12"><span class='ocrx_word' id='word_1_217' title='bbox 208 1406 330 1443; x_wconf 80' lang='lat' dir='ltr'><em>Davis</em></span> <span class='ocrx_word' id='word_1_218' title='bbox 366 1426 415 1431; x_wconf 93' lang='lat'><em>-—</em></span> <span class='ocrx_word' id='word_1_219' title='bbox 455 1407 493 1443; x_wconf 84' lang='lat' dir='ltr'><em>in</em></span> <span class='ocrx_word' id='word_1_220' title='bbox 523 1407 626 1447; x_wconf 71' lang='lat' dir='ltr'><em>nice,</em></span> <span class='ocrx_word' id='word_1_221' title='bbox 671 1407 709 1442; x_wconf 76' lang='lat' dir='ltr'><em>in</em></span> <span class='ocrx_word' id='word_1_222' title='bbox 740 1406 928 1442; x_wconf 77' lang='lat' dir='ltr'><em>montibus</em></span> <span class='ocrx_word' id='word_1_223' title='bbox 958 1406 1022 1442; x_wconf 69' lang='lat' dir='ltr'><em>nri</em></span> <span class='ocrx_word' id='word_1_224' title='bbox 1059 1415 1098 1441; x_wconf 83' lang='lat' dir='ltr'><em>se</em></span> <span class='ocrx_word' id='word_1_225' title='bbox 1124 1405 1347 1451; x_wconf 76' lang='lat' dir='ltr'><em>patiuntur,</em></span> <span class='ocrx_word' id='word_1_226' title='bbox 1378 1405 1532 1451; x_wconf 63' lang='lat' dir='ltr'><em>pugiles</em></span> <span class='ocrx_word' id='word_1_227' title='bbox 1565 1402 1671 1455; x_wconf 80' lang='lat' dir='ltr'><em>(inde</em></span> <span class='ocrx_word' id='word_1_228' title='bbox 1694 1417 1771 1452; x_wconf 76' lang='lat' dir='ltr'><em>pu·</em></span> 
     </span>
     <span class='ocr_line' id='line_1_23' title="bbox 206 1459 1769 1514; baseline -0.001 -12"><span class='ocrx_word' id='word_1_229' title='bbox 206 1466 301 1512; x_wconf 76' lang='lat' dir='ltr'><em>yiles</em></span> <span class='ocrx_word' id='word_1_230' title='bbox 333 1459 532 1514; x_wconf 53' lang='lat' dir='ltr'><em>Hdschffl„</em></span> <span class='ocrx_word' id='word_1_231' title='bbox 597 1465 651 1501; x_wconf 87' lang='lat'><em>44</em></span> <span class='ocrx_word' id='word_1_232' title='bbox 688 1465 760 1501; x_wconf 84' lang='lat' dir='ltr'><em>ista</em></span> <span class='ocrx_word' id='word_1_233' title='bbox 792 1463 959 1501; x_wconf 84' lang='lat' dir='ltr'><em>Hdschr.</em></span> <span class='ocrx_word' id='word_1_234' title='bbox 997 1482 1044 1488; x_wconf 85' lang='lat'><em>-—</em></span> <span class='ocrx_word' id='word_1_235' title='bbox 1081 1464 1205 1500; x_wconf 80' lang='lat' dir='ltr'><em>istaec.</em></span> <span class='ocrx_word' id='word_1_236' title='bbox 1275 1463 1341 1500; x_wconf 88' lang='lat'><em>45.</em></span> <span class='ocrx_word' id='word_1_237' title='bbox 1373 1474 1475 1500; x_wconf 81' lang='lat' dir='ltr'><em>nunc</em></span> <span class='ocrx_word' id='word_1_238' title='bbox 1506 1474 1570 1510; x_wconf 70' lang='lat' dir='ltr'><em>eqo</em></span> <span class='ocrx_word' id='word_1_239' title='bbox 1603 1462 1769 1500; x_wconf 87' lang='lat' dir='ltr'><em>Hdschr.</em></span> 
     </span>
     <span class='ocr_line' id='line_1_24' title="bbox 209 1521 1771 1570; baseline 0.001 -11"><span class='ocrx_word' id='word_1_240' title='bbox 209 1543 265 1549; x_wconf 84' lang='lat'><em>-</em></span> <span class='ocrx_word' id='word_1_241' title='bbox 298 1524 397 1560; x_wconf 73' lang='lat' dir='ltr'><em>hunc</em></span> <span class='ocrx_word' id='word_1_242' title='bbox 429 1534 502 1570; x_wconf 67' lang='grc'><strong>690.</strong></span> <span class='ocrx_word' id='word_1_243' title='bbox 535 1523 731 1560; x_wconf 78' lang='lat' dir='ltr'><em>honestum</em></span> <span class='ocrx_word' id='word_1_244' title='bbox 763 1525 817 1559; x_wconf 83' lang='lat' dir='ltr'><em>est</em></span> <span class='ocrx_word' id='word_1_245' title='bbox 847 1521 972 1558; x_wconf 86' lang='lat' dir='ltr'><em>Heine</em></span> <span class='ocrx_word' id='word_1_246' title='bbox 1004 1541 1051 1546; x_wconf 97' lang='lat'><strong>—</strong></span> <span class='ocrx_word' id='word_1_247' title='bbox 1083 1521 1278 1559; x_wconf 74' lang='lat' dir='ltr'><em>honestum</em></span> <span class='ocrx_word' id='word_1_248' title='bbox 1309 1522 1366 1558; x_wconf 83' lang='lat' dir='ltr'><em>sit.</em></span> <span class='ocrx_word' id='word_1_249' title='bbox 1431 1522 1498 1559; x_wconf 97' lang='lat'><em>52.</em></span> <span class='ocrx_word' id='word_1_250' title='bbox 1534 1521 1771 1560; x_wconf 83' lang='lat' dir='ltr'><em>Timocreon·</em></span> 
     </span>
     <span class='ocr_line' id='line_1_25' title="bbox 210 1579 1771 1627; baseline -0.001 -8"><span class='ocrx_word' id='word_1_251' title='bbox 210 1584 257 1619; x_wconf 84' lang='lat' dir='ltr'><em>tis</em></span> <span class='ocrx_word' id='word_1_252' title='bbox 288 1581 455 1619; x_wconf 82' lang='lat' dir='ltr'><em>Hdschr.</em></span> <span class='ocrx_word' id='word_1_253' title='bbox 488 1602 543 1606; x_wconf 92' lang='lat'><em>-</em></span> <span class='ocrx_word' id='word_1_254' title='bbox 576 1581 846 1618; x_wconf 75' lang='lat' dir='ltr'><em>Nicocreontis.</em></span> <span class='ocrx_word' id='word_1_255' title='bbox 891 1582 925 1617; x_wconf 85' lang='lat' dir='ltr'><em>si</em></span> <span class='ocrx_word' id='word_1_256' title='bbox 963 1581 1153 1626; x_wconf 70' lang='lat' dir='ltr'><em>adfectum</em></span> <span class='ocrx_word' id='word_1_257' title='bbox 1190 1580 1266 1617; x_wconf 77' lang='lat' dir='ltr'><em>ullo</em></span> <span class='ocrx_word' id='word_1_258' title='bbox 1305 1580 1431 1617; x_wconf 82' lang='lat' dir='ltr'><em>dolore</em></span> <span class='ocrx_word' id='word_1_259' title='bbox 1468 1590 1606 1627; x_wconf 75' lang='lat' dir='ltr'><em>corpus</em></span> <span class='ocrx_word' id='word_1_260' title='bbox 1644 1579 1771 1618; x_wconf 86' lang='lat' dir='ltr'><em>Heine</em></span> 
     </span>
     <span class='ocr_line' id='line_1_26' title="bbox 210 1633 1770 1689; baseline -0.001 -11"><span class='ocrx_word' id='word_1_261' title='bbox 210 1640 350 1678; x_wconf 86' lang='lat' dir='ltr'><em>Philol.</em></span> <span class='ocrx_word' id='word_1_262' title='bbox 384 1640 459 1677; x_wconf 90' lang='lat' dir='ltr'><em>XII</em></span> <span class='ocrx_word' id='word_1_263' title='bbox 490 1653 525 1688; x_wconf 90' lang='lat' dir='ltr'><em>p.</em></span> <span class='ocrx_word' id='word_1_264' title='bbox 557 1641 638 1678; x_wconf 83' lang='lat'><em>756</em></span> <span class='ocrx_word' id='word_1_265' title='bbox 674 1660 727 1664; x_wconf 90' lang='lat'>—</span> <span class='ocrx_word' id='word_1_266' title='bbox 761 1641 795 1676; x_wconf 80' lang='lat' dir='ltr'><em>si</em></span> <span class='ocrx_word' id='word_1_267' title='bbox 833 1641 973 1676; x_wconf 76' lang='lat' dir='ltr'><em>tactum</em></span> <span class='ocrx_word' id='word_1_268' title='bbox 1011 1639 1137 1676; x_wconf 81' lang='lat' dir='ltr'><em>dolore</em></span> <span class='ocrx_word' id='word_1_269' title='bbox 1175 1650 1311 1686; x_wconf 72' lang='lat' dir='ltr'><em>corpus</em></span> <span class='ocrx_word' id='word_1_270' title='bbox 1349 1633 1433 1689; x_wconf 82' lang='lat' dir='ltr'><em>(sed</em></span> <span class='ocrx_word' id='word_1_271' title='bbox 1464 1639 1564 1685; x_wconf 80' lang='lat' dir='ltr'><em>facto</em></span> <span class='ocrx_word' id='word_1_272' title='bbox 1596 1641 1677 1676; x_wconf 73' lang='lat' dir='ltr'><em>tum</em></span> <span class='ocrx_word' id='word_1_273' title='bbox 1707 1639 1770 1677; x_wconf 82' lang='lat' dir='ltr'><em>do-</em></span> 
     </span>
     <span class='ocr_line' id='line_1_27' title="bbox 211 1692 1773 1749; baseline -0.001 -13"><span class='ocrx_word' id='word_1_274' title='bbox 211 1700 285 1736; x_wconf 90' lang='lat' dir='ltr'><em>lerc</em></span> <span class='ocrx_word' id='word_1_275' title='bbox 317 1710 453 1746; x_wconf 74' lang='lat' dir='ltr'><em>corpus</em></span> <span class='ocrx_word' id='word_1_276' title='bbox 478 1692 679 1749; x_wconf 81' lang='lat' dir='ltr'><strong>Hdsohr.).</strong></span> <span class='ocrx_word' id='word_1_277' title='bbox 730 1700 797 1736; x_wconf 91' lang='lat'><em>55.</em></span> <span class='ocrx_word' id='word_1_278' title='bbox 824 1698 890 1735; x_wconf 74' lang='lat' dir='ltr'><em>hoc</em></span> <span class='ocrx_word' id='word_1_279' title='bbox 916 1698 1015 1735; x_wconf 77' lang='lat' dir='ltr'><em>idem</em></span> <span class='ocrx_word' id='word_1_280' title='bbox 1039 1697 1207 1735; x_wconf 85' lang='lat' dir='ltr'><em>Hdschr.</em></span> <span class='ocrx_word' id='word_1_281' title='bbox 1227 1717 1284 1722; x_wconf 93' lang='lat'>—</span> <span class='ocrx_word' id='word_1_282' title='bbox 1303 1697 1370 1734; x_wconf 77' lang='lat' dir='ltr'><em>lioc</em></span> <span class='ocrx_word' id='word_1_283' title='bbox 1395 1697 1554 1744; x_wconf 78' lang='lat' dir='ltr'><em>quidem.</em></span> <span class='ocrx_word' id='word_1_284' title='bbox 1601 1697 1666 1735; x_wconf 89' lang='lat'><em>62.</em></span> <span class='ocrx_word' id='word_1_285' title='bbox 1687 1708 1773 1735; x_wconf 85' lang='lat' dir='ltr'><em>con-</em></span> 
     </span>
    </p>
   </div>
   <div class='ocr_carea' id='block_1_6' title="bbox 210 1749 1773 2237">
    <p class='ocr_par' dir='ltr' id='par_1_6' title="bbox 210 1749 1773 2237">
     <span class='ocr_line' id='line_1_28' title="bbox 210 1749 1773 1808; baseline -0.001 -13"><span class='ocrx_word' id='word_1_286' title='bbox 210 1760 315 1795; x_wconf 77' lang='lat' dir='ltr'><em>tinuo</em></span> <span class='ocrx_word' id='word_1_287' title='bbox 347 1759 447 1803; x_wconf 78' lang='lat' dir='ltr'><em>fiunt</em></span> <span class='ocrx_word' id='word_1_288' title='bbox 477 1757 604 1794; x_wconf 86' lang='lat' dir='ltr'><em>Heine</em></span> <span class='ocrx_word' id='word_1_289' title='bbox 632 1777 686 1782; x_wconf 90' lang='lat'><strong>—</strong></span> <span class='ocrx_word' id='word_1_290' title='bbox 720 1757 960 1794; x_wconf 79' lang='lat' dir='ltr'><em>contente-ndo</em></span> <span class='ocrx_word' id='word_1_291' title='bbox 991 1757 1089 1802; x_wconf 72' lang='lat' dir='ltr'><em>fiunt</em></span> <span class='ocrx_word' id='word_1_292' title='bbox 1121 1751 1358 1808; x_wconf 72' lang='lat' dir='ltr'><em>(contempno</em></span> <span class='ocrx_word' id='word_1_293' title='bbox 1389 1757 1488 1802; x_wconf 67' lang='lat' dir='ltr'><em>fimat</em></span> <span class='ocrx_word' id='word_1_294' title='bbox 1519 1749 1706 1808; x_wconf 84' lang='lat' dir='ltr'><em>Hdschr.)</em></span> <span class='ocrx_word' id='word_1_295' title='bbox 1739 1758 1773 1794; x_wconf 82' lang='lat' dir='ltr'><em>et</em></span> 
     </span>
     <span class='ocr_line' id='line_1_29' title="bbox 211 1809 1772 1865; baseline -0.002 -11"><span class='ocrx_word' id='word_1_296' title='bbox 211 1817 316 1864; x_wconf 72' lang='lat' dir='ltr'><em>apud</em></span> <span class='ocrx_word' id='word_1_297' title='bbox 353 1828 445 1863; x_wconf 72' lang='lat' dir='ltr'><em>quos</em></span> <span class='ocrx_word' id='word_1_298' title='bbox 482 1815 608 1853; x_wconf 83' lang='lat' dir='ltr'><em>Heine</em></span> <span class='ocrx_word' id='word_1_299' title='bbox 639 1836 697 1842; x_wconf 90' lang='lat'><em>—-</em></span> <span class='ocrx_word' id='word_1_300' title='bbox 736 1816 841 1862; x_wconf 74' lang='lat' dir='ltr'><em>apud</em></span> <span class='ocrx_word' id='word_1_301' title='bbox 877 1812 974 1862; x_wconf 75' lang='lat' dir='ltr'><em>quos</em></span> <span class='ocrx_word' id='word_1_302' title='bbox 1007 1809 1067 1865; x_wconf 73' lang='lat' dir='ltr'><em>(ut</em></span> <span class='ocrx_word' id='word_1_303' title='bbox 1106 1816 1211 1862; x_wconf 77' lang='lat' dir='ltr'><em>apud</em></span> <span class='ocrx_word' id='word_1_304' title='bbox 1248 1826 1340 1861; x_wconf 76' lang='lat' dir='ltr'><em>quos</em></span> <span class='ocrx_word' id='word_1_305' title='bbox 1370 1809 1557 1864; x_wconf 81' lang='lat' dir='ltr'><strong>Hdschr.)</strong></span> <span class='ocrx_word' id='word_1_306' title='bbox 1596 1825 1772 1852; x_wconf 68' lang='lat' dir='ltr'><em>wmrre-</em></span> 
     </span>
     <span class='ocr_line' id='line_1_30' title="bbox 210 1872 1772 1922; baseline -0.001 -10"><span class='ocrx_word' id='word_1_307' title='bbox 210 1877 289 1913; x_wconf 86' lang='lat' dir='ltr'><em>rint</em></span> <span class='ocrx_word' id='word_1_308' title='bbox 322 1874 446 1913; x_wconf 87' lang='lat' dir='ltr'><em>Orelli</em></span> <span class='ocrx_word' id='word_1_309' title='bbox 483 1895 530 1900; x_wconf 86' lang='lat'><strong>—</strong></span> <span class='ocrx_word' id='word_1_310' title='bbox 569 1877 827 1912; x_wconf 59' lang='lat' dir='ltr'><em>cucur-ierunt.</em></span> <span class='ocrx_word' id='word_1_311' title='bbox 893 1875 958 1911; x_wconf 89' lang='grc'><em>64.</em></span> <span class='ocrx_word' id='word_1_312' title='bbox 996 1885 1036 1911; x_wconf 88' lang='lat' dir='ltr'><em>se</em></span> <span class='ocrx_word' id='word_1_313' title='bbox 1072 1876 1219 1911; x_wconf 81' lang='lat' dir='ltr'><em>tantum</em></span> <span class='ocrx_word' id='word_1_314' title='bbox 1260 1872 1444 1922; x_wconf 83' lang='lat' dir='ltr'><em>Sigonius</em></span> <span class='ocrx_word' id='word_1_315' title='bbox 1481 1893 1529 1899; x_wconf 93' lang='lat'><strong>—</strong></span> <span class='ocrx_word' id='word_1_316' title='bbox 1564 1883 1604 1911; x_wconf 86' lang='lat' dir='ltr'><em>se</em></span> <span class='ocrx_word' id='word_1_317' title='bbox 1634 1875 1772 1911; x_wconf 87' lang='lat' dir='ltr'><em>tamen.</em></span> 
     </span>
     <span class='ocr_line' id='line_1_31' title="bbox 214 1932 1216 1972; baseline -0.001 -1"><span class='ocrx_word' id='word_1_318' title='bbox 214 1935 279 1972; x_wconf 87' lang='grc'><em>67.</em></span> <span class='ocrx_word' id='word_1_319' title='bbox 313 1935 386 1971; x_wconf 83' lang='lat' dir='ltr'><em>eice</em></span> <span class='ocrx_word' id='word_1_320' title='bbox 417 1937 450 1971; x_wconf 83' lang='lat' dir='ltr'><em>te</em></span> <span class='ocrx_word' id='word_1_321' title='bbox 479 1935 574 1971; x_wconf 79' lang='lat' dir='ltr'><em>navi</em></span> <span class='ocrx_word' id='word_1_322' title='bbox 604 1932 771 1970; x_wconf 86' lang='lat' dir='ltr'><em>Hdschr.</em></span> <span class='ocrx_word' id='word_1_323' title='bbox 805 1953 858 1958; x_wconf 87' lang='lat'><em>-</em></span> <span class='ocrx_word' id='word_1_324' title='bbox 897 1934 970 1970; x_wconf 83' lang='lat' dir='ltr'><em>cicc</em></span> <span class='ocrx_word' id='word_1_325' title='bbox 1001 1935 1033 1969; x_wconf 90' lang='lat' dir='ltr'><em>te</em></span> <span class='ocrx_word' id='word_1_326' title='bbox 1065 1943 1082 1970; x_wconf 96' lang='grc'><em>6</em></span> <span class='ocrx_word' id='word_1_327' title='bbox 1114 1933 1216 1970; x_wconf 79' lang='lat' dir='ltr'><em>nav-i.</em></span> 
     </span>
     <span class='ocr_line' id='line_1_32' title="bbox 862 2060 1123 2098; baseline 0 -1"><span class='ocrx_word' id='word_1_328' title='bbox 862 2060 934 2097; x_wconf 91' lang='lat' dir='ltr'><strong>III.</strong></span> <span class='ocrx_word' id='word_1_329' title='bbox 966 2061 1038 2097; x_wconf 90' lang='lat' dir='ltr'><em>Bu</em></span> <span class='ocrx_word' id='word_1_330' title='bbox 1054 2060 1123 2098; x_wconf 92' lang='lat' dir='ltr'><em>ch.</em></span> 
     </span>
     <span class='ocr_line' id='line_1_33' title="bbox 332 2128 1772 2180; baseline -0.003 -10"><span class='ocrx_word' id='word_1_331' title='bbox 332 2132 356 2179; x_wconf 66' lang='grc' dir='ltr'>ξ</span> <span class='ocrx_word' id='word_1_332' title='bbox 384 2134 420 2170; x_wconf 92' lang='grc'><em>4.</em></span> <span class='ocrx_word' id='word_1_333' title='bbox 454 2143 530 2179; x_wconf 78' lang='lat' dir='ltr'><em>qua</em></span> <span class='ocrx_word' id='word_1_334' title='bbox 569 2133 710 2169; x_wconf 84' lang='lat' dir='ltr'><em>caecati</em></span> <span class='ocrx_word' id='word_1_335' title='bbox 749 2130 964 2180; x_wconf 84' lang='lat' dir='ltr'><em>Schlenger</em></span> <span class='ocrx_word' id='word_1_336' title='bbox 1000 2151 1047 2155; x_wconf 91' lang='lat'>—</span> <span class='ocrx_word' id='word_1_337' title='bbox 1084 2142 1158 2177; x_wconf 72' lang='lat' dir='ltr'><em>qua</em></span> <span class='ocrx_word' id='word_1_338' title='bbox 1197 2131 1382 2168; x_wconf 81' lang='lat' dir='ltr'><em>caecitate.</em></span> <span class='ocrx_word' id='word_1_339' title='bbox 1420 2150 1470 2155; x_wconf 97' lang='lat'><strong>—</strong></span> <span class='ocrx_word' id='word_1_340' title='bbox 1505 2131 1609 2176; x_wconf 81' lang='lat' dir='ltr'><em>atqui</em></span> <span class='ocrx_word' id='word_1_341' title='bbox 1646 2128 1772 2167; x_wconf 87' lang='lat' dir='ltr'><em>Heine</em></span> 
     </span>
     <span class='ocr_line' id='line_1_34' title="bbox 213 2189 1770 2237; baseline -0.003 -8"><span class='ocrx_word' id='word_1_342' title='bbox 213 2192 314 2229; x_wconf 83' lang='lat' dir='ltr'><em>nach</em></span> <span class='ocrx_word' id='word_1_343' title='bbox 355 2190 437 2229; x_wconf 85' lang='lat' dir='ltr'><em>cod.</em></span> <span class='ocrx_word' id='word_1_344' title='bbox 471 2189 570 2228; x_wconf 83' lang='lat' dir='ltr'><strong>Gud.</strong></span> <span class='ocrx_word' id='word_1_345' title='bbox 605 2211 659 2216; x_wconf 87' lang='lat'><em>-—-</em></span> <span class='ocrx_word' id='word_1_346' title='bbox 693 2193 813 2237; x_wconf 78' lang='lat' dir='ltr'><em>atquc.</em></span> <span class='ocrx_word' id='word_1_347' title='bbox 891 2191 926 2227; x_wconf 85' lang='lat'><em>6.</em></span> <span class='ocrx_word' id='word_1_348' title='bbox 964 2190 1208 2236; x_wconf 73' lang='lat' dir='ltr'><em>omnibusque</em></span> <span class='ocrx_word' id='word_1_349' title='bbox 1245 2189 1390 2235; x_wconf 68' lang='lat' dir='ltr'><em>opibus,</em></span> <span class='ocrx_word' id='word_1_350' title='bbox 1427 2189 1575 2226; x_wconf 79' lang='lat' dir='ltr'><em>viribus</em></span> <span class='ocrx_word' id='word_1_351' title='bbox 1616 2208 1664 2214; x_wconf 91' lang='lat'><strong>—</strong></span> <span class='ocrx_word' id='word_1_352' title='bbox 1700 2199 1770 2225; x_wconf 79' lang='lat' dir='ltr'><em>om,</em></span> 
     </span>
    </p>
   </div>
   <div class='ocr_carea' id='block_1_7' title="bbox 212 2247 1774 2531">
    <p class='ocr_par' dir='ltr' id='par_1_7' title="bbox 212 2247 1774 2531">
     <span class='ocr_line' id='line_1_35' title="bbox 214 2247 1773 2298; baseline -0.003 -10"><span class='ocrx_word' id='word_1_353' title='bbox 214 2251 347 2298; x_wconf 77' lang='lat' dir='ltr'><em>opibus</em></span> <span class='ocrx_word' id='word_1_354' title='bbox 378 2247 582 2298; x_wconf 67' lang='lat' dir='ltr'><em>[viribus]</em></span> <span class='ocrx_word' id='word_1_355' title='bbox 646 2250 683 2287; x_wconf 87' lang='lat'><em>9.</em></span> <span class='ocrx_word' id='word_1_356' title='bbox 718 2249 757 2286; x_wconf 86' lang='lat' dir='ltr'><em>id</em></span> <span class='ocrx_word' id='word_1_357' title='bbox 789 2252 841 2286; x_wconf 84' lang='lat' dir='ltr'><em>est</em></span> <span class='ocrx_word' id='word_1_358' title='bbox 871 2249 1116 2286; x_wconf 59' lang='lat' dir='ltr'><em>‘insanitatem</em></span> <span class='ocrx_word' id='word_1_359' title='bbox 1148 2251 1180 2284; x_wconf 89' lang='lat' dir='ltr'><em>et</em></span> <span class='ocrx_word' id='word_1_360' title='bbox 1211 2250 1405 2295; x_wconf 62' lang='lat' dir='ltr'><em>aegrotum</em></span> <span class='ocrx_word' id='word_1_361' title='bbox 1437 2248 1625 2289; x_wconf 76' lang='lat' dir='ltr'><em>animum,</em></span> <span class='ocrx_word' id='word_1_362' title='bbox 1663 2257 1773 2293; x_wconf 77' lang='lat' dir='ltr'><em>quem</em></span> 
     </span>
     <span class='ocr_line' id='line_1_36' title="bbox 214 2306 1774 2356; baseline -0.003 -9"><span class='ocrx_word' id='word_1_363' title='bbox 214 2309 459 2356; x_wconf 75' lang='lat' dir='ltr'><em>appellarunt</em></span> <span class='ocrx_word' id='word_1_364' title='bbox 499 2309 691 2346; x_wconf 78' lang='lat' dir='ltr'><em>insaniam</em></span> <span class='ocrx_word' id='word_1_365' title='bbox 728 2319 804 2345; x_wconf 85' lang='lat' dir='ltr'><em>von</em></span> <span class='ocrx_word' id='word_1_366' title='bbox 843 2306 981 2344; x_wconf 82' lang='lat' dir='ltr'><em>Baiter</em></span> <span class='ocrx_word' id='word_1_367' title='bbox 1017 2306 1283 2355; x_wconf 80' lang='lat' dir='ltr'><em>ausgelassen.</em></span> <span class='ocrx_word' id='word_1_368' title='bbox 1355 2308 1419 2343; x_wconf 92' lang='lat'><em>11.</em></span> <span class='ocrx_word' id='word_1_369' title='bbox 1457 2307 1549 2352; x_wconf 75' lang='lat' dir='ltr'><em>quia</em></span> <span class='ocrx_word' id='word_1_370' title='bbox 1584 2316 1661 2342; x_wconf 86' lang='lat' dir='ltr'><em>non</em></span> <span class='ocrx_word' id='word_1_371' title='bbox 1696 2306 1774 2342; x_wconf 84' lang='lat' dir='ltr'><em>sint</em></span> 
     </span>
     <span class='ocr_line' id='line_1_37' title="bbox 212 2363 1773 2413; baseline -0.003 -9"><span class='ocrx_word' id='word_1_372' title='bbox 212 2366 381 2405; x_wconf 83' lang='lat' dir='ltr'><em>Hdschr.</em></span> <span class='ocrx_word' id='word_1_373' title='bbox 422 2386 476 2391; x_wconf 89' lang='lat'><em>—-</em></span> <span class='ocrx_word' id='word_1_374' title='bbox 516 2368 607 2413; x_wconf 76' lang='lat' dir='ltr'><em>quia</em></span> <span class='ocrx_word' id='word_1_375' title='bbox 642 2378 718 2403; x_wconf 84' lang='lat' dir='ltr'><em>non</em></span> <span class='ocrx_word' id='word_1_376' title='bbox 756 2369 854 2404; x_wconf 66' lang='lat' dir='ltr'><em>sient.</em></span> <span class='ocrx_word' id='word_1_377' title='bbox 929 2367 993 2403; x_wconf 92' lang='lat'><em>12.</em></span> <span class='ocrx_word' id='word_1_378' title='bbox 1025 2367 1075 2408; x_wconf 82' lang='lat' dir='ltr'><em>si,</em></span> <span class='ocrx_word' id='word_1_379' title='bbox 1117 2366 1253 2412; x_wconf 78' lang='lat' dir='ltr'><em>inquit,</em></span> <span class='ocrx_word' id='word_1_380' title='bbox 1292 2365 1400 2411; x_wconf 78' lang='lat' dir='ltr'><em>fuero</em></span> <span class='ocrx_word' id='word_1_381' title='bbox 1437 2363 1608 2413; x_wconf 75' lang='lat' dir='ltr'><em>Seyffert</em></span> <span class='ocrx_word' id='word_1_382' title='bbox 1644 2384 1702 2389; x_wconf 90' lang='lat'>—</span> <span class='ocrx_word' id='word_1_383' title='bbox 1738 2364 1773 2401; x_wconf 79' lang='lat' dir='ltr'><em>si</em></span> 
     </span>
     <span class='ocr_line' id='line_1_38' title="bbox 213 2418 1773 2476; baseline -0.003 -12"><span class='ocrx_word' id='word_1_384' title='bbox 213 2427 298 2468; x_wconf 73' lang='lat' dir='ltr'><em>sim,</em></span> <span class='ocrx_word' id='word_1_385' title='bbox 331 2427 395 2473; x_wconf 79' lang='lat' dir='ltr'><em>qui</em></span> <span class='ocrx_word' id='word_1_386' title='bbox 427 2426 556 2471; x_wconf 77' lang='lat' dir='ltr'><em>fuerat</em></span> <span class='ocrx_word' id='word_1_387' title='bbox 593 2420 645 2476; x_wconf 86' lang='lat' dir='ltr'><em>(si</em></span> <span class='ocrx_word' id='word_1_388' title='bbox 678 2426 799 2472; x_wconf 73' lang='lat' dir='ltr'><em>inquit</em></span> <span class='ocrx_word' id='word_1_389' title='bbox 828 2426 958 2471; x_wconf 78' lang='lat' dir='ltr'><em>fuerat</em></span> <span class='ocrx_word' id='word_1_390' title='bbox 987 2418 1186 2474; x_wconf 57' lang='lat' dir='ltr'><strong>Hdschr.)</strong></span> <span class='ocrx_word' id='word_1_391' title='bbox 1252 2424 1316 2462; x_wconf 89' lang='lat'><strong>14.</strong></span> <span class='ocrx_word' id='word_1_392' title='bbox 1347 2421 1437 2471; x_wconf 89' lang='lat' dir='ltr'><em>[Ita</em></span> <span class='ocrx_word' id='word_1_393' title='bbox 1472 2424 1518 2469; x_wconf 80' lang='lat' dir='ltr'><em>fit</em></span> <span class='ocrx_word' id='word_1_394' title='bbox 1552 2425 1594 2459; x_wconf 77' lang='lat' dir='ltr'><em>ut</em></span> <span class='ocrx_word' id='word_1_395' title='bbox 1624 2423 1773 2469; x_wconf 76' lang='lat' dir='ltr'><em>fortitu-</em></span> 
     </span>
     <span class='ocr_line' id='line_1_39' title="bbox 214 2480 1774 2531; baseline -0.003 -9"><span class='ocrx_word' id='word_1_396' title='bbox 214 2485 296 2522; x_wconf 82' lang='lat' dir='ltr'><em>dini</em></span> <span class='ocrx_word' id='word_1_397' title='bbox 322 2484 517 2531; x_wconf 71' lang='lat' dir='ltr'><em>aeyrituclo</em></span> <span class='ocrx_word' id='word_1_398' title='bbox 543 2481 746 2531; x_wconf 71' lang='lat' dir='ltr'><em>repugmet]</em></span> <span class='ocrx_word' id='word_1_399' title='bbox 772 2482 910 2530; x_wconf 88' lang='lat' dir='ltr'><em>Heine,</em></span> <span class='ocrx_word' id='word_1_400' title='bbox 935 2494 1012 2520; x_wconf 84' lang='lat' dir='ltr'><em>von</em></span> <span class='ocrx_word' id='word_1_401' title='bbox 1036 2480 1175 2519; x_wconf 74' lang='lat' dir='ltr'><em>Baiter</em></span> <span class='ocrx_word' id='word_1_402' title='bbox 1200 2481 1300 2520; x_wconf 87' lang='lat' dir='ltr'><em>ohne</em></span> <span class='ocrx_word' id='word_1_403' title='bbox 1326 2480 1570 2520; x_wconf 81' lang='lat' dir='ltr'><em>Klammern.</em></span> <span class='ocrx_word' id='word_1_404' title='bbox 1622 2481 1687 2519; x_wconf 85' lang='lat'><em>26.</em></span> <span class='ocrx_word' id='word_1_405' title='bbox 1714 2491 1774 2518; x_wconf 85' lang='lat' dir='ltr'><em>so-</em></span> 
     </span>
    </p>
   </div>
   <div class='ocr_carea' id='block_1_8' title="bbox 214 2538 1774 2698">
    <p class='ocr_par' dir='ltr' id='par_1_8' title="bbox 214 2538 1774 2698">
     <span class='ocr_line' id='line_1_40' title="bbox 216 2538 1773 2591; baseline -0.003 -11"><span class='ocrx_word' id='word_1_406' title='bbox 216 2555 281 2581; x_wconf 72' lang='lat' dir='ltr'><em>cru</em></span> <span class='ocrx_word' id='word_1_407' title='bbox 313 2542 483 2591; x_wconf 78' lang='lat' dir='ltr'><em>Bentley</em></span> <span class='ocrx_word' id='word_1_408' title='bbox 515 2562 572 2569; x_wconf 89' lang='lat'>—</span> <span class='ocrx_word' id='word_1_409' title='bbox 603 2553 718 2580; x_wconf 83' lang='lat' dir='ltr'><em>soero.</em></span> <span class='ocrx_word' id='word_1_410' title='bbox 772 2542 854 2579; x_wconf 85' lang='lat' dir='ltr'><em>ilico</em></span> <span class='ocrx_word' id='word_1_411' title='bbox 889 2543 969 2579; x_wconf 85' lang='lat' dir='ltr'><em>istic</em></span> <span class='ocrx_word' id='word_1_412' title='bbox 999 2538 1165 2578; x_wconf 87' lang='lat' dir='ltr'><em>Hdschr.</em></span> <span class='ocrx_word' id='word_1_413' title='bbox 1200 2561 1254 2566; x_wconf 92' lang='lat'><strong>—</strong></span> <span class='ocrx_word' id='word_1_414' title='bbox 1289 2540 1372 2578; x_wconf 90' lang='lat' dir='ltr'><em>ilico</em></span> <span class='ocrx_word' id='word_1_415' title='bbox 1404 2541 1525 2577; x_wconf 85' lang='lat' dir='ltr'><em>istinc.</em></span> <span class='ocrx_word' id='word_1_416' title='bbox 1576 2542 1683 2577; x_wconf 87' lang='lat' dir='ltr'><em>tanta</em></span> <span class='ocrx_word' id='word_1_417' title='bbox 1713 2540 1773 2576; x_wconf 80' lang='lat' dir='ltr'><em>vis</em></span> 
     </span>
     <span class='ocr_line' id='line_1_41' title="bbox 214 2594 1774 2652; baseline -0.003 -14"><span class='ocrx_word' id='word_1_418' title='bbox 214 2601 379 2640; x_wconf 85' lang='lat' dir='ltr'><em>Hdschr.</em></span> <span class='ocrx_word' id='word_1_419' title='bbox 419 2597 528 2652; x_wconf 83' lang='lat' dir='ltr'><strong>(Vgl.</strong></span> <span class='ocrx_word' id='word_1_420' title='bbox 549 2600 724 2638; x_wconf 86' lang='lat' dir='ltr'><em>Ribbeck</em></span> <span class='ocrx_word' id='word_1_421' title='bbox 750 2602 798 2638; x_wconf 76' lang='lat' dir='ltr'><em>tr.</em></span> <span class='ocrx_word' id='word_1_422' title='bbox 819 2600 889 2638; x_wconf 78' lang='lat' dir='ltr'><em>lat.</em></span> <span class='ocrx_word' id='word_1_423' title='bbox 910 2600 978 2637; x_wconf 90' lang='lat' dir='ltr'><em>rel.</em></span> <span class='ocrx_word' id='word_1_424' title='bbox 1004 2612 1040 2647; x_wconf 90' lang='lat' dir='ltr'><strong>p.</strong></span> <span class='ocrx_word' id='word_1_425' title='bbox 1068 2594 1142 2650; x_wconf 89' lang='lat'><em>59)</em></span> <span class='ocrx_word' id='word_1_426' title='bbox 1165 2620 1218 2625; x_wconf 91' lang='lat'>—</span> <span class='ocrx_word' id='word_1_427' title='bbox 1240 2610 1319 2636; x_wconf 88' lang='lat' dir='ltr'><em>meo</em></span> <span class='ocrx_word' id='word_1_428' title='bbox 1358 2601 1465 2636; x_wconf 83' lang='lat' dir='ltr'><em>tanta</em></span> <span class='ocrx_word' id='word_1_429' title='bbox 1500 2600 1567 2636; x_wconf 83' lang='lat' dir='ltr'><em>vis.</em></span> <span class='ocrx_word' id='word_1_430' title='bbox 1639 2598 1704 2637; x_wconf 89' lang='grc'><strong>38.</strong></span> <span class='ocrx_word' id='word_1_431' title='bbox 1739 2599 1774 2634; x_wconf 87' lang='lat' dir='ltr'><em>et</em></span> 
     </span>
     <span class='ocr_line' id='line_1_42' title="bbox 214 2655 1769 2698; baseline -0.003 0"><span class='ocrx_word' id='word_1_432' title='bbox 214 2672 281 2698; x_wconf 85' lang='lat' dir='ltr'><em>nec</em></span> <span class='ocrx_word' id='word_1_433' title='bbox 311 2663 466 2698; x_wconf 84' lang='lat' dir='ltr'><em>mortem</em></span> <span class='ocrx_word' id='word_1_434' title='bbox 491 2659 618 2697; x_wconf 88' lang='lat' dir='ltr'><em>Heine</em></span> <span class='ocrx_word' id='word_1_435' title='bbox 644 2680 698 2686; x_wconf 93' lang='lat'>—</span> <span class='ocrx_word' id='word_1_436' title='bbox 725 2670 792 2697; x_wconf 83' lang='lat' dir='ltr'><em>nec</em></span> <span class='ocrx_word' id='word_1_437' title='bbox 818 2662 985 2697; x_wconf 82' lang='lat' dir='ltr'><em>mortem.</em></span> <span class='ocrx_word' id='word_1_438' title='bbox 1050 2660 1117 2696; x_wconf 90' lang='lat'><strong>41.</strong></span> <span class='ocrx_word' id='word_1_439' title='bbox 1151 2658 1285 2696; x_wconf 68' lang='lat' dir='ltr'><em>addim</em></span> <span class='ocrx_word' id='word_1_440' title='bbox 1312 2669 1329 2695; x_wconf 88' lang='grc'><em>6</em></span> <span class='ocrx_word' id='word_1_441' title='bbox 1354 2657 1527 2695; x_wconf 80' lang='lat' dir='ltr'><em>cantibus</em></span> <span class='ocrx_word' id='word_1_442' title='bbox 1559 2655 1698 2694; x_wconf 81' lang='lat' dir='ltr'><em>Soroff.</em></span> <span class='ocrx_word' id='word_1_443' title='bbox 1714 2675 1769 2682; x_wconf 92' lang='lat'>—</span> 
     </span>
    </p>
   </div>
   <div class='ocr_carea' id='block_1_9' title="bbox 215 2714 1773 2883">
    <p class='ocr_par' dir='ltr' id='par_1_9' title="bbox 215 2714 1773 2883">
     <span class='ocr_line' id='line_1_43' title="bbox 216 2714 1771 2766; baseline -0.004 -9"><span class='ocrx_word' id='word_1_444' title='bbox 216 2720 351 2757; x_wconf 75' lang='lat' dir='ltr'><em>auditu</em></span> <span class='ocrx_word' id='word_1_445' title='bbox 388 2722 421 2756; x_wconf 87' lang='lat' dir='ltr'><em>et</em></span> <span class='ocrx_word' id='word_1_446' title='bbox 457 2719 640 2756; x_wconf 76' lang='lat' dir='ltr'><em>cantibus.</em></span> <span class='ocrx_word' id='word_1_447' title='bbox 709 2719 776 2756; x_wconf 89' lang='lat'><strong>42.</strong></span> <span class='ocrx_word' id='word_1_448' title='bbox 807 2718 971 2765; x_wconf 80' lang='lat' dir='ltr'><em>refertus</em></span> <span class='ocrx_word' id='word_1_449' title='bbox 1009 2720 1063 2755; x_wconf 84' lang='lat' dir='ltr'><em>est</em></span> <span class='ocrx_word' id='word_1_450' title='bbox 1099 2716 1270 2766; x_wconf 77' lang='lat' dir='ltr'><em>Seyffert</em></span> <span class='ocrx_word' id='word_1_451' title='bbox 1301 2736 1356 2741; x_wconf 97' lang='lat'><strong>—</strong></span> <span class='ocrx_word' id='word_1_452' title='bbox 1387 2716 1558 2762; x_wconf 78' lang='lat' dir='ltr'><em>refertus.</em></span> <span class='ocrx_word' id='word_1_453' title='bbox 1635 2714 1711 2752; x_wconf 89' lang='grc'><strong>43.’</strong></span> <span class='ocrx_word' id='word_1_454' title='bbox 1737 2716 1771 2751; x_wconf 84' lang='lat' dir='ltr'><em>et</em></span> 
     </span>
     <span class='ocr_line' id='line_1_44' title="bbox 215 2772 1767 2822; baseline -0.004 -6"><span class='ocrx_word' id='word_1_455' title='bbox 215 2780 324 2816; x_wconf 82' lang='lat' dir='ltr'><em>sertis</em></span> <span class='ocrx_word' id='word_1_456' title='bbox 354 2777 520 2815; x_wconf 83' lang='lat' dir='ltr'><em>Hdschr.</em></span> <span class='ocrx_word' id='word_1_457' title='bbox 553 2797 609 2804; x_wconf 92' lang='lat'>—</span> <span class='ocrx_word' id='word_1_458' title='bbox 641 2778 761 2815; x_wconf 78' lang='lat' dir='ltr'><em>sertis.</em></span> <span class='ocrx_word' id='word_1_459' title='bbox 840 2777 905 2814; x_wconf 87' lang='grc'><strong>44.</strong></span> <span class='ocrx_word' id='word_1_460' title='bbox 939 2775 1110 2814; x_wconf 76' lang='lat' dir='ltr'><em>auxiliod</em></span> <span class='ocrx_word' id='word_1_461' title='bbox 1141 2774 1315 2813; x_wconf 85' lang='lat' dir='ltr'><em>Ribbeck</em></span> <span class='ocrx_word' id='word_1_462' title='bbox 1347 2776 1396 2813; x_wconf 75' lang='lat' dir='ltr'><em>tr.</em></span> <span class='ocrx_word' id='word_1_463' title='bbox 1422 2774 1492 2811; x_wconf 76' lang='lat' dir='ltr'><em>lat.</em></span> <span class='ocrx_word' id='word_1_464' title='bbox 1518 2773 1587 2811; x_wconf 85' lang='lat' dir='ltr'><em>rel.</em></span> <span class='ocrx_word' id='word_1_465' title='bbox 1619 2785 1654 2822; x_wconf 90' lang='lat' dir='ltr'><em>p.</em></span> <span class='ocrx_word' id='word_1_466' title='bbox 1684 2772 1767 2810; x_wconf 83' lang='lat'><em>297</em></span> 
     </span>
     <span class='ocr_line' id='line_1_45' title="bbox 216 2832 1773 2883; baseline -0.004 -9"><span class='ocrx_word' id='word_1_467' title='bbox 216 2857 272 2862; x_wconf 97' lang='lat'><strong>—</strong></span> <span class='ocrx_word' id='word_1_468' title='bbox 305 2837 458 2874; x_wconf 71' lang='lat' dir='ltr'><em>auxilio.</em></span> <span class='ocrx_word' id='word_1_469' title='bbox 509 2839 575 2873; x_wconf 78' lang='lat' dir='ltr'><em>aut</em></span> <span class='ocrx_word' id='word_1_470' title='bbox 606 2837 720 2883; x_wconf 74' lang='lat' dir='ltr'><em>fuyae</em></span> <span class='ocrx_word' id='word_1_471' title='bbox 750 2834 926 2873; x_wconf 85' lang='lat' dir='ltr'><em>Ribbeck</em></span> <span class='ocrx_word' id='word_1_472' title='bbox 961 2854 1010 2860; x_wconf 89' lang='lat'>—</span> <span class='ocrx_word' id='word_1_473' title='bbox 1047 2837 1114 2872; x_wconf 82' lang='lat' dir='ltr'><em>aut</em></span> <span class='ocrx_word' id='word_1_474' title='bbox 1149 2834 1253 2882; x_wconf 69' lang='lat' dir='ltr'><strong>fuya.</strong></span> <span class='ocrx_word' id='word_1_475' title='bbox 1323 2833 1389 2871; x_wconf 89' lang='lat'><em>46.</em></span> <span class='ocrx_word' id='word_1_476' title='bbox 1420 2844 1467 2870; x_wconf 89' lang='lat' dir='ltr'><em>ne</em></span> <span class='ocrx_word' id='word_1_477' title='bbox 1497 2832 1706 2879; x_wconf 75' lang='lat' dir='ltr'><em>intelleyere</em></span> <span class='ocrx_word' id='word_1_478' title='bbox 1735 2833 1773 2868; x_wconf 82' lang='lat' dir='ltr'><em>te</em></span> 
     </span>
    </p>
   </div>
  </div>
 </body>
</html>
