1790 3103
154 85 211 126 58
674 84 724 119 M.
751 83 913 118 TULLII
942 81 1194 118 CICERONIS

154 196 324 245 opinatis
356 195 585 244 animosque
618 194 829 232 demittunt
867 199 906 232 et
944 192 1181 231 contrahunt
1218 193 1361 230 rationi
1399 203 1476 230 non
1514 190 1711 242 obtempe-

156 259 300 292 rantes.

156 316 336 349 versante
369 313 519 349 ratione
553 312 780 349 contractio.

363 252 496 303 Itaque
530 252 624 291 haec
657 254 781 302 prima
809 252 982 290 delinitio
1016 256 1092 302 est,
1126 256 1168 288 ut
1193 250 1394 300 aegritudo
1422 251 1473 288 sit
1498 250 1616 288 animi
1648 249 1711 288 ad·
1759 273 1763 281 ·

843 310 907 348 Sic
934 314 1119 360 quattuor
1144 307 1463 359 perturbationes
1490 313 1599 360 sunt,
1632 314 1712 347 tres
1755 317 1764 367 ζ

157 371 417 422 constantiae,
449 371 633 420 quoniam
665 369 900 418 aegritudini
932 367 1038 406 nulla
1069 368 1287 406 constantia
1319 368 1543 417 opponitur.

276 428 352 467 Sed
391 440 526 466 omnes
563 427 882 479 perturbationes
920 427 1065 465 iudicio
1104 431 1267 464 censent
1313 426 1398 463 fieri
1436 431 1475 463 et
1518 426 1714 476 opinione.

156 487 290 538 Itaque
323 499 388 525 eas
421 486 613 524 definiunt
638 487 832 538 pressius,
864 492 908 524 ut
939 485 1189 535 intellegatur
1215 496 1293 522 non
1320 483 1434 522 modo
1462 495 1578 534 quam
1604 484 1714 522 vitio-

156 558 240 598 sae,
273 545 340 584 sed
375 546 491 583 etiam
525 557 640 595 quam
672 546 711 582 in
745 551 879 583 nostra
911 546 989 582 sint
1021 548 1227 594 potestate.

1288 542 1359 580 Est
1391 554 1483 593 ergo
1511 541 1714 593 aegritudo

155 605 286 655 opinio
325 616 464 642 recens
503 602 592 641 mali
631 604 867 654 praesentis,
906 604 945 640 in
985 615 1062 653 quo
1101 602 1253 640 demitti
1291 600 1548 651 contrahique
1586 601 1713 639 animo

155 669 308 702 rectum
341 674 426 700 esse
453 662 649 713 videatur3
681 661 826 700 laetitia
852 662 983 712 opinio
1010 673 1149 699 recens
1176 660 1265 698 boni
1293 661 1530 711 praesentis,
1563 660 1603 697 in
1636 671 1714 710 quo

155 721 299 759 ecferri
331 727 483 759 rectum
517 732 603 758 esse
636 719 829 772 videatur3
862 725 990 758 metus
1022 721 1154 770 opinio
1187 718 1436 770 inpendentis
1469 717 1576 769 mali,
1609 717 1714 768 quod

155 778 399 818 intolerabile
433 791 518 817 esse
551 779 745 830 videatur3
778 778 896 817 libido
929 780 1061 829 opinio
1094 779 1250 816 venturi
1283 777 1392 828 boni,
1431 776 1536 827 quod
1576 777 1627 814 sit
1667 788 1714 815 ex

96 851 139 881 15
158 850 232 877 usu
273 839 350 876 iam
390 849 577 888 praesens
619 850 704 876 csse
747 843 863 888 atque
904 837 1052 875 adesse.

1116 836 1192 875 Sed
1232 848 1329 887 quae
1362 835 1506 874 iudicia
1539 846 1714 886 quasque

153 898 359 948 opiniones
385 896 727 947 perturbationum
753 908 839 934 esse
867 896 957 947 dixi,
984 908 1061 933 non
1088 897 1127 933 in
1154 896 1210 933 eis
1237 894 1556 945 perturbationes
1583 893 1712 932 solum

152 956 300 1006 positas
343 966 430 993 esse
473 954 625 1005 dicunt,
668 966 806 993 verum
848 954 911 992 illa
944 955 1078 1005 etiam,
1121 965 1218 1003 quae
1253 954 1479 991 efficiuntur
1511 951 1716 1003 perturba-

153 1013 344 1063 tionibus,
377 1018 420 1051 ut
452 1013 656 1063 aegritudo
684 1015 795 1063 quasi
821 1024 996 1051 morsum
1022 1012 1191 1062 aliquem
1217 1011 1364 1049 doloris
1391 1011 1552 1063 efficiat,
1585 1016 1714 1049 metus
1761 1014 1762 1017 ’

152 1083 354 1110 recessum
388 1071 582 1122 quendam
623 1073 741 1110 animi
780 1076 820 1110 et
857 1072 1005 1123 fugam,
1043 1071 1188 1109 laetitia
1226 1070 1426 1121 profusam
1465 1069 1715 1121 hilaritatem,

152 1130 270 1169 libido
304 1131 532 1168 effrenatam
564 1130 841 1181 adpetentiam.

903 1129 1178 1181 Opinationem
1210 1134 1359 1181 autem,
1398 1140 1514 1179 quam
1555 1129 1594 1166 in
1634 1139 1716 1166 om-

152 1201 223 1227 nes
261 1189 508 1227 definitiones
547 1190 773 1240 superiores
813 1189 1062 1240 inclusimus,
1101 1188 1236 1226 volunt
1274 1199 1361 1226 esse
1394 1186 1616 1225 inbecillam
1649 1186 1713 1224 ad-

152 1249 389 1286 sensionem.

200 1385 341 1418 am'mos
385 1405 427 1408 —
474 1385 713 1426 contrahunt,
769 1384 897 1418 fiihlen

151 1431 231 1465 sich
256 1431 612 1476 niedergeschlagen
642 1431 716 1465 und
748 1431 896 1475 beengt.

152 1477 298 1513 Griech.
327 1477 593 1513 συστέλλεσθαι
622 1478 696 1512 und
730 1476 897 1521 συστολή.

151 1525 226 1560 Der
251 1525 458 1569 Gegensatz
495 1525 542 1559 ist
567 1526 789 1568 diffundere,
820 1526 898 1559 δια-

151 1574 313 1616 χεῖσθαι.
366 1572 411 1606 de
431 1583 502 1606 am.
526 1576 579 1613 13,
601 1575 645 1606 48
673 1575 713 1606 ut
739 1575 770 1607 et
796 1573 899 1606 bonis

148 1620 269 1654 animi
294 1620 401 1663 quasi
431 1620 667 1662 diffundatur
701 1623 733 1654 et
767 1620 898 1654 iucom-

151 1667 267 1701 modis
310 1667 559 1712 contrahatur.
617 1666 699 1711 Vgl.
746 1670 807 1710 31,
854 1669 897 1701 66

148 1713 287 1755 ecfusio
313 1714 439 1747 animi.

199 1759 292 1804 Kap.
341 1760 376 1795 7.
433 1760 572 1795 iudicio
617 1763 758 1795 censent
800 1760 898 1803 fieri:

151 1808 256 1842 Zwar
275 1808 403 1842 macht
422 1808 487 1842 das
508 1806 650 1842 ’aussere
668 1807 786 1851 Ding,
813 1820 841 1843 z,
857 1807 897 1842 B.

151 1854 210 1888 die
232 1853 387 1899 Gefahr,
409 1855 516 1889 einen
536 1854 723 1890 Eindruck
744 1854 810 1888 auf
827 1854 898 1889 den

150 1902 370 1945 Menschen,
403 1901 488 1935 dem
520 1912 558 1935 er
585 1901 664 1935 sich
690 1901 794 1935 nicht
820 1902 897 1935 ent-

150 1948 281 1982 ziehen
300 1948 418 1991 kann,
444 1948 534 1982 aber
554 1947 614 1982 die
634 1947 897 1983 Leidenschaft

151 1995 319 2029 entsteht
355 1995 460 2029 nicht
497 1995 601 2039 eber,
644 1995 698 2029 als
737 1995 794 2029 bis
833 1995 897 2029 der

149 2042 302 2076 Mensch
323 2042 401 2076 sein
422 2042 540 2076 Urteil
562 2041 695 2086 gef'allt
713 2042 789 2085 hat,
816 2041 896 2076 dass

149 2088 189 2123 in
209 2089 294 2123 dem
315 2089 341 2122 F
346 2089 419 2123 alle
441 2090 556 2123 etwas
577 2101 620 2122 zu
639 2089 810 2123 furehten
831 2089 894 2124 sei.

199 2137 407 2180 aegritudo:
433 2136 596 2170 Andron.
617 2135 735 2171 Rhod.
763 2148 798 2171 π.
827 2149 894 2170 πα-

149 2183 233 2216 θῶν
273 2195 307 2227 p
348 2187 415 2217 523
454 2180 563 2226 Λύπη
602 2196 671 2227 μεν
709 2177 778 2217 οὖν
817 2180 895 2217 ἐστι

149 2227 245 2270 δόξα
272 2227 492 2289 πρόσφατος
523 2230 643 2264 κακοῦ
676 2231 895 2273 παρουσίας,

151 2273 218 2319 ἐφ
260 2290 286 2320 ῳ
328 2278 471 2311 οἰόνται
504 2278 584 2312 δεῖν
617 2277 893 2311 συστέλλεσθαι.

152 2344 194 2347 --
222 2313 322 2357 Uber
346 2334 466 2358 oeeens
493 2337 519 2359 s
545 2324 811 2367 z.11[11‚25;
839 2328 895 2368 31,

150 2370 333 2413 7531iber
357 2374 493 2405 vectum
518 2352 836 2414 esse11127,6⁷5.

199 2398 360 2452 factitia:
397 2417 510 2451 Andr
538 2417 656 2452 Rhocl.
689 2418 737 2452 ib.
776 2415 895 2461 ἡδονή

151 2461 229 2498 ἐστι
253 2462 365 2522 ’,δόξα
388 2462 606 2523 πρόσφατος
638 2461 790 2508 ἀγαθοῦ
828 2478 897 2499 πα-

151 2512 320 2555 ρουσίας,
349 2508 397 2555 ἐφ
444 2511 471 2556 ᾠ
500 2513 646 2545 οἴονται
672 2513 754 2545 δεῖν
781 2509 897 2546 ἐκτεί-

150 2560 298 2592 νεσθαι.

199 2608 320 2639 metus.
373 2604 474 2640 Stob.
502 2605 568 2640 ecl.
602 2605 635 2638 II
671 2609 736 2639 172
773 2603 896 2651 φόβον

149 2648 189 2686 δ’
219 2650 317 2686 εἶναι
343 2650 506 2686 ἔκκλισιν
531 2649 675 2695 απειθῆ
697 2650 810 2698 λόγῳ,
839 2653 892 2686 αι’-

151 2711 232 2733 τιον
268 2695 305 2733 δ’
334 2695 452 2733 αὐτοῦ
488 2696 528 2733 τὸ
569 2696 740 2741 δοξάζειν
776 2696 896 2733 κακὸν

152 2742 425 2801 ἐπιφέρεσθαι,
463 2740 506 2780 οὗ
546 2744 731 2789 παρόντος
773 2745 896 2785 κακῶς

149 2789 426 2837 ἀπαλλάξομεν.

199 2841 294 2885 quod
319 2840 367 2874 sit
391 2851 434 2875 ex
461 2850 530 2875 usu
556 2860 600 2865 —
620 2850 793 2884 praesens
824 2850 895 2874 csse

971 1387 1002 1418 et
1029 1384 1168 1424 adesse;
1195 1383 1228 1418 d.
1256 1383 1278 1417 i.
1311 1383 1407 1426 quod
1440 1382 1610 1426 expediat
1640 1383 1716 1416 iam

971 1431 1101 1466 adesse.
1141 1430 1209 1464 Die
1227 1430 1403 1474 H'z'tufung
1423 1429 1488 1464 der
1503 1429 1716 1473 Synonyma

972 1477 1091 1520 dient,
1120 1477 1190 1511 den
1211 1476 1352 1521 Begriff
1373 1477 1412 1510 in
1439 1475 1616 1510 &rtlicher
1640 1475 1717 1510 und

973 1524 1164 1559 zeitlicher
1184 1523 1395 1568 Beziehung
1421 1535 1463 1557 zu
1487 1522 1717 1558 verstarken.

973 1572 1017 1606 de
1044 1572 1103 1607 fin.
1130 1571 1146 1604 I
1176 1575 1229 1615 17,
1257 1574 1300 1605 55
1327 1582 1413 1605 uam
1445 1580 1591 1614 corpore
1622 1570 1717 1605 nihil

972 1619 1046 1653 uisi
1066 1629 1239 1663 praeseus
1265 1621 1296 1653 et
1328 1618 1423 1662 quod
1455 1617 1554 1652 adest
1584 1617 1717 1652 sentire

968 1676 1171 1710 possumus.

1022 1717 1075 1747 15.
1109 1713 1180 1747 Sed
1217 1722 1309 1756 quae
1347 1711 1491 1746 iudicia
1528 1711 1597 1747 cet.
1648 1711 1717 1746 Die

971 1760 1147 1794 friiheren
1191 1759 1339 1794 Stoiker
1388 1757 1605 1793 definierten
1656 1757 1716 1793 die

973 1806 1284 1841 Leidenschaften
1313 1805 1368 1840 als
1395 1805 1476 1839 eine
1503 1805 1619 1839 durch
1645 1805 1717 1849 fal-¹

972 1855 1078 1888 sches
1093 1853 1213 1888 Urteil
1232 1851 1543 1907 hervorgerufene
1563 1851 1715 1886 Nieder-

972 1900 1279 1945 geschlagenheit
1305 1896 1489 1944 (συστολή)
1527 1899 1615 1934 oder
1652 1899 1716 1933 Er-

970 1945 1716 2039 {tane&aa21323152535312553·

970 2042 1058 2076 teile
1084 2041 1275 2076 definierte
1302 2040 1376 2075 und
1408 2040 1444 2074 in
1472 2040 1536 2074 der
1561 2039 1715 2074 Nieder-

968 2088 1276 2133 gesehlagenheit
1314 2088 1390 2122 und
1420 2087 1614 2132 Erregung
1652 2086 1712 2121 die
1764 2086 1765 2092 ’

968 2136 1037 2170 mit
1056 2135 1140 2170 dem
1160 2135 1327 2169 falsehen
1344 2134 1464 2169 Urteil
1483 2144 1712 2215 Ζυεειῐῐέωῗῃ-
1764 2142 1765 2183 J

1627 2191 1649 2215 a
1667 2191 1712 2216 en
1764 2187 1765 2205 ³

968 2182 1192 2226 hangenden
1224 2182 1365 2226 Folgen
1397 2181 1473 2216 sab.
1526 2180 1560 2216 S.

969 2229 1013 2264 de
1040 2230 1163 2272 dogm.
1191 2228 1241 2262 IV
1267 2241 1300 2273 p.
1323 2232 1401 2263 377.
1453 2227 1525 2264 Cic.
1548 2228 1614 2262 hat
1633 2227 1712 2263 also

969 2277 1039 2311 den
1092 2275 1296 2311 Gedanken
1347 2273 1548 2320 Chrysipps
1601 2285 1714 2319 unge-

969 2323 1116 2358 schickt
1140 2323 1217 2357 und
1242 2322 1376 2357 unklar
1395 2321 1713 2366 wiedergegeben.
1763 2334 1764 2354 1

969 2371 1018 2405 Er
1044 2370 1179 2405 musste
1206 2380 1336 2414 sagen:
1363 2368 1432 2403 Die
1451 2368 1714 2403 Leidenschaf-
1763 2368 1764 2407 Ξ

969 2420 1032 2451 ten
1057 2417 1237 2451 bestehen
1264 2416 1370 2451 nicht
1395 2415 1508 2450 allein
1533 2414 1573 2448 in
1593 2414 1714 2450 einem
1763 2414 1764 2418 ’

970 2464 1106 2508 Urteil‚
1152 2464 1310 2498 sondern
1354 2462 1523 2507 zugleich
1567 2462 1606 2496 in
1649 2462 1716 2497 der

971 2512 1086 2546 durch
1113 2511 1178 2545 das
1205 2510 1346 2545 falsche
1374 2509 1491 2544 Urteil
1516 2510 1714 2553 hel-vorge-

970 2558 1124 2592 rufenen
1155 2558 1349 2602 Eiregung
1387 2556 1475 2591 oder
1512 2555 1676 2600 Niederg
1679 2566 1714 2590 e-

970 2605 1230 2650 schlagenheit
1255 2604 1325 2659 des,
1343 2604 1497 2639 Geistes
1547 2602 1644 2638 Plut.
1651 2567 1712 2637 gde

969 2651 1034 2687 vit.
1061 2663 1151 2686 mor.
1179 2663 1208 2686 c.
1235 2656 1254 2685 9
1283 2664 1326 2685 ου
1353 2651 1479 2685 πᾶσαν
1509 2647 1607 2684 εἶναι
1632 2650 1713 2692 κρί-
1762 2670 1763 2673 =

969 2711 1027 2733 σιν
1053 2695 1196 2741 πάθος,
1217 2695 1309 2732 αλλὰ
1336 2694 1404 2741 τὴν
1430 2693 1625 2740 κινητιῃὴν
1651 2693 1713 2741 ὁρ-

968 2746 1039 2790 μῆς
1065 2746 1189 2789 βιαίου
1216 2745 1280 2780 και
1305 2743 1589 2799 πλεοναζούσης.

1014 2793 1184 2827 inbecilla
1209 2792 1386 2833 assensio,
1424 2787 1592 2834 ἀσθενὴς
1626 2801 1711 2834 συγ-

967 2839 1184 2879 κατάθεσις.
1241 2839 1419 2883 Dagegen
1463 2838 1528 2873 das
1566 2836 1713 2872 Wissen
