1817 3103
293 99 690 136 TUSCULANARUM
716 99 1116 134 DISPUTATIONUM
1143 102 1168 134 I.
1196 106 1344 137 46—50.
1541 102 1593 142 31

45 217 85 251 et
116 210 257 249 diurno
290 222 333 248 ac
366 215 559 249 nocturno
592 215 709 247 metu.

773 208 858 254 Quo
892 206 1074 247 terrore?
1115 221 1192 259 quo
1226 208 1361 248 metu?
1399 223 1496 260 quae
1539 218 1598 250 est

45 281 142 308 anus
182 275 259 307 tarn
299 268 420 306 delira
453 280 551 318 quae
590 269 723 306 timeat
760 268 850 317 ista,
890 279 989 317 quae
1028 279 1094 304 vos
1133 267 1330 318 videlicet,
1369 270 1400 305 si
1439 270 1596 319 physica

45 340 123 366 non
155 326 410 378 didicissetis,
441 324 661 365 timeretis?
723 322 994 363 ‘Acherunsia
1021 328 1164 374 templa
1191 328 1274 363 alla
1308 327 1419 371 Orci,
1443 330 1598 374 pallida

677 381 688 398 9

45 388 128 433 leti,
156 386 344 425 obnubila
371 386 547 424 tenebris
572 387 672 423 loca.
728 384 813 422 Non
841 383 963 434 pudet
988 383 1263 434 philosophum
1290 385 1328 421 in
1357 395 1402 421 eo
1429 384 1598 436 gloriari,

44 444 149 495 quod
181 443 276 482 haec
310 455 386 481 non
419 445 554 481 timeat
591 449 630 481 et
669 442 772 493 quod
806 442 898 480 falsa
931 454 1018 480 esse
1051 439 1306 492 cognoverit?
1368 441 1397 479 E
1431 454 1508 492 quo
1542 444 1598 480 in-

44 502 175 552 tellegi
206 507 335 553 potest
367 513 483 552 quam
516 503 620 540 acuti
653 507 790 539 natura
823 502 919 551 sint,
957 502 1140 551 quoniam
1174 500 1268 538 haec
1305 501 1389 538 sine
1422 500 1598 538 doctrina

44 561 234 600 credituri
261 561 433 599 suerunt.
483 559 734 598 Praeclarum
762 566 892 597 autem
919 560 1052 597 nescio
1080 559 1173 609 quid
1201 559 1331 609 adepti
1358 564 1466 609 sunt,
1495 558 1598 608 quod
1614 569 1656 599 49

43 619 268 658 didicerunt
300 631 359 669 se,
401 630 490 657 cum
524 623 678 669 tempus
716 619 854 656 mortis
892 619 1081 668 venisset,
1121 623 1222 656 totos
1263 629 1348 655 esse
1388 618 1598 668 perituros.

43 676 156 723 Quod
189 683 233 716 ut
265 679 315 716 ita
348 678 399 715 sit
431 699 485 703 —
518 676 613 715 nihil
647 678 749 715 enim
781 688 913 727 pugno
947 698 1019 727 —‚
1053 676 1145 726 quid
1179 676 1295 714 habet
1327 677 1399 713 ista
1436 687 1500 713 res
1533 681 1600 714 aut

42 735 220 775 laetabile
254 741 320 774 aut
351 732 593 786 gloriosum‘>
655 735 734 773 Nec
767 740 896 773 tamen
930 734 1025 773 mihi
1058 746 1149 772 sane
1183 736 1392 785 quicquain
1425 736 1600 772 occurrit

43 806 116 833 cur
147 806 225 832 non
257 793 499 845 Pythagorae
538 795 588 832 sit
628 799 667 832 et
703 793 877 832 Platonis
916 805 1004 831 vera
1043 795 1246 831 sententia.

1309 792 1361 831 Ut
1399 794 1503 831 enim
1542 804 1598 830 ra-

42 854 190 891 tionem
231 852 339 891 Plato
381 851 525 891 nullam
569 852 740 891 adferret
778 875 835 880 —
873 851 958 890 vide
1004 851 1097 902 quid
1140 852 1287 890 homini
1329 850 1498 889 tribuam
1535 873 1599 902 —,

45 912 128 962 ipsa
161 912 392 950 auctoritate
425 923 485 949 me
520 911 735 962 frangeroet
779 916 835 949 tot
865 916 997 949 autem
1030 912 1202 949 rationes
1235 909 1380 960 attulit,
1421 915 1464 948 ut
1502 909 1598 947 velle

44 971 205 1021 ceteris,
238 969 312 1008 sibi
344 974 450 1008 certe
484 971 728 1020 persuasisse
760 954 949 1007 vide'atui.

160 1027 236 1066 Sed
263 1027 422 1079 pluiimi
449 1034 585 1066 contra
616 1029 797 1066 nituntui
830 1029 1058 1078 animosque
1091 1029 1203 1077 quasi
1236 1029 1362 1078 capite
1395 1023 1638 1065 damnatos*

41 1091 167 1125 morte
200 1086 384 1138 multant,
423 1098 550 1137 neque
583 1086 686 1125 aliud
719 1091 779 1125 est
811 1088 1020 1137 quicquam
1054 1098 1124 1124 cur
1156 1085 1398 1124 incredibilis
1439 1087 1486 1123 iis
1518 1087 1598 1123 ani-

43 1157 200 1183 morum
232 1145 410 1183 videatur
442 1147 671 1195 aeternitas,
709 1146 784 1183 nisi
822 1144 926 1195 quod
965 1150 1168 1195 nequeunt
1201 1144 1326 1194 qualis
1360 1146 1512 1182 animus
1552 1145 1601 1181 sit

46 1215 186 1242 vacans
212 1215 378 1254 corpore
405 1203 631 1254 intellegere
659 1209 698 1242 et
724 1205 959 1254 cogitatione
986 1203 1319 1253 conprehendere.
1363 1202 1483 1247 Quasi
1511 1213 1602 1240 vero

42 1261 271 1313 intellegant
296 1261 421 1312 qualis
448 1264 499 1300 sit
524 1264 562 1300 in
591 1264 674 1313 ipso
702 1274 886 1313 corpore,
907 1273 1005 1312 quae
1034 1261 1303 1313 conformatio,
1330 1273 1427 1311 quae
1456 1262 1601 1311 magni-

42 1320 156 1372 tudo,
194 1321 262 1371 qui
300 1320 424 1359 locus.

87 1420 327 1456 Acherunsia.
387 1421 478 1456 Eine
527 1421 782 1456 Reminiscenz

41 1479 89 1503 an
113 1467 227 1503 Verse
259 1479 323 1502 aus
349 1467 500 1502 Ennius'
526 1468 782 1503 Andromache

40 1515 309 1557 Aedxmaloffis,
338 1526 363 1549 s.
388 1515 557 1550 Ribbeck
577 1515 635 1550 Tr.
656 1515 696 1549 L.
718 1515 782 1550 rel.

39 1574 76 1606 p.
105 1565 151 1596 24
188 1562 243 1597 ed.
283 1566 320 1605 2,
360 1562 424 1597 der
460 1563 557 1597 nach
582 1562 699 1596 Varro
738 1562 782 1596 de

39 1609 129 1654 ling.
150 1609 174 1643 1.
196 1609 264 1643 VH
285 1613 306 1643 6
326 1609 385 1643 die
400 1609 515 1643 Verse
538 1620 577 1643 so
595 1609 782 1644 herstellt:

110 1679 341 1714 Acherzlnsia
365 1680 496 1724 templa
521 1680 598 1713 alta
619 1678 705 1713 Orci

114 1726 265 1761 Pallida
291 1727 357 1761 leto
381 1727 556 1761 obnubila
580 1727 733 1761 tenebris

111 1773 211 1808 Loca
235 1774 365 1808 salvete
388 1774 522 1816 infera.

41 1819 191 1854 Pallida
215 1820 277 1854 leti
306 1820 354 1854 ist
384 1820 481 1854 nach
507 1819 688 1864 Analogie
713 1829 785 1853 von

39 1867 176 1912 inteyer
200 1867 295 1902 vitae
324 1870 473 1912 gesagt,
505 1867 575 1901 wie
609 1866 672 1901 Sil.
698 1866 742 1900 It.
769 1867 785 1900 Ι

43 1917 109 1948 166
135 1914 305 1957 deformis
337 1914 410 1949 leti.
437 1933 480 1939 —-
512 1914 696 1957 Templum
719 1913 784 1947 be-

40 1960 206 1996 zeichnet:
239 1960 304 1995 der
329 1961 565 2005 Etymologie
590 1960 688 1995 nach
713 1959 783 2003 (τέ-

41 2009 134 2052 μνω)
173 2007 280 2042 einen
317 2008 611 2053 abgesonderten
654 2008 784 2049 Ratun,

41 2054 194 2099 speciell
218 2054 289 2089 den
313 2055 450 2097 Ranm,
477 2055 548 2089 den
574 2055 638 2088 der
658 2055 785 2099 Augur

40 2101 112 2135 mit:
131 2101 215 2136 dem
235 2102 349 2136 lituus
368 2099 584 2144 absondert,
609 2101 705 2135 dann
725 2101 785 2135 bei

41 2147 220 2183 Dichtern
275 2149 486 2194 fiberhaupt
541 2148 601 2182 ein
657 2147 784 2182 weiter

42 2195 173 2231 Raum.
235 2195 428 2240 Neptunia
482 2196 631 2239 templa,
691 2195 783 2229 Enn.

41 2242 129 2277 Hec.
155 2253 190 2286 p.
211 2246 231 2276 2
256 2242 339 2277 Rib.
368 2262 408 2267 —
440 2242 469 2276 O
494 2253 628 2286 maana
653 2243 785 2285 templa

41 2289 209 2324 caelitum
234 2290 427 2324 commixta
445 2290 556 2323 stellis
573 2289 782 2332 splendidis.

89 2339 143 2370 49.
170 2336 265 2370 nihil
290 2337 384 2370 enim
405 2346 550 2380 paqno:
575 2335 656 2370 hier
679 2335 783 2369 nicht:

40 2394 127 2418 vom
147 2382 406 2427 Standpunkte
429 2383 494 2417 des
514 2382 783 2417 Akademikers

41 2430 287 2474 gesprochen‚
323 2429 481 2465 sondern
511 2429 580 2463 mit:
610 2429 784 2463 bitterem

43 2477 174 2520 Spotte
205 2487 326 2521 gegen
352 2477 410 2511 die
436 2476 657 2521 Epikureer:
705 2475 783 2510 ‘Ich

40 2523 136 2558 habe
161 2523 284 2557 nichts
307 2523 493 2568 dagegen,
519 2522 598 2557 dass
619 2522 679 2558 die
699 2522 784 2567 Epi-

40 2569 174 2605 kureer
198 2570 367 2614 g'z'tnzlich
391 2569 669 2616 umkommen.'}

89 2618 304 2652 auctoritate
330 2638 373 2642 —-
398 2618 600 2661 franyeret,
629 2628 655 2652 S.
682 2620 701 2658 ξ
727 2620 782 2651 40.

89 2664 175 2698 velle
192 2664 356 2698 n'amlich
370 2664 602 2708 persuadere,
622 2674 698 2698 was
718 2674 783 2698 aus

43 2711 262 2754 persuasisse
295 2723 340 2745 zu
370 2714 550 2755 erg‘atnzen
575 2710 635 2745 ist.
662 2731 706 2735 —
732 2712 783 2745 vi-

43 2757 172 2791 deatur
215 2774 259 2786 =
303 2761 498 2802 appareat,
543 2758 782 2801 intellegatur.

45 2803 91 2838 de
116 2803 174 2839 off.
199 2803 216 2837 Ι
241 2808 303 2848 38,
330 2809 397 2839 136
423 2805 627 2840 curandum
652 2807 719 2846 est,
744 2808 785 2838 ut

45 2859 102 2885 eos
121 2870 164 2875 -
185 2853 217 2885 et
234 2853 348 2886 vereri
370 2855 402 2886 et
420 2852 568 2896 diliqere
586 2852 782 2887 videamur.

484 1321 534 1358 At
570 1322 602 1358 si
637 1322 712 1358 iam
744 1326 906 1371 possent
938 1321 977 1358 in
1010 1320 1166 1358 homine
1200 1321 1285 1357 vivo
1319 1320 1429 1357 cerni
1461 1320 1602 1370 omnia,

903 1421 995 1464 Kap.
1035 1420 1097 1455 2⁴2.
1153 1424 1207 1455 50.
1248 1421 1365 1464 eapite
1401 1421 1604 1462 damnatos,

858 1468 954 1502 ‘zum
964 1467 1114 1502 Verlust
1122 1468 1186 1502 der
1193 1468 1452 1512 biirgerlichen
1461 1467 1601 1501 Rechte

855 1514 1076 1557 verurteilt’,
1121 1526 1196 1549 was
1233 1515 1331 1549 nach
1365 1514 1602 1548 Romischem

856 1562 997 1643 Rec'htte
1012 1561 1076 1596 der
1090 1561 1326 1596 Todesstrafe
1346 1560 1602 1606 vorhergehen

855 1620 918 1642 mu
937 1622 951 1643 s
974 1619 1003 1642 e.

903 1656 1009 1699 quasi
1046 1665 1125 1689 vero
1163 1655 1315 1699 intelley.
1359 1654 1523 1689 ironisch
1560 1666 1603 1688 zu

857 1703 1072 1743 vei-stehen‚
1098 1702 1167 1736 wie
1194 1702 1304 1736 meist
1330 1701 1388 1736 die
1408 1701 1477 1735 mit
1496 1702 1603 1746 quasi

859 1748 1116 1793 eingefiihrten
1138 1748 1465 1793 Widerlegungen.
1518 1749 1601 1792 Vgl.

858 1795 1057 1830 denselben
1084 1795 1288 1830 Gedanken
1314 1807 1347 1840 p.
1375 1795 1452 1829 Mil.
1481 1799 1538 1837 31,
1558 1798 1603 1829 84

858 1844 931 1877 nisi
955 1843 1048 1885 forte
1072 1843 1208 1877 ideirco
1234 1853 1308 1876 non
1330 1845 1485 1886 patant,
1515 1843 1604 1886 quia

856 1900 931 1924 non
962 1893 1116 1934 apparet
1146 1901 1210 1923 nee
1241 1890 1419 1930 cernitar,
1448 1890 1604 1932 proinde

857 1937 962 1980 quasi
992 1940 1154 1971 nostram
1186 1937 1302 1980 ipsam
1333 1939 1498 1977 mentem,
1530 1947 1604 1980 qua

856 1984 1035 2037 sapimus,
1060 1994 1133 2027 qua
1156 1984 1402 2026 proi-idemus,
1427 1994 1500 2027 qua
1518 1983 1604 2017 haec

857 2031 939 2075 ipsa
964 2031 1106 2075 aqimus
1131 2041 1174 2064 ae
1193 2031 1366 2072 dicimus,
1391 2031 1514 2064 videre
1539 2033 1604 2063 aut

851 2078 982 2121 plane,
1019 2078 1137 2122 qualis
1172 2080 1238 2112 aut
1270 2078 1335 2111 nbi
1370 2077 1435 2118 sit,
1472 2077 1604 2111 sentire

854 2126 1043 2169 possimus.

904 2183 967 2227 qai
993 2183 1106 2224 locas,
1134 2194 1160 2219 s,
1187 2195 1217 2216 z.
1245 2187 1282 2224 9,
1311 2186 1370 2224 19,
1397 2186 1459 2225 20,
1487 2186 1542 2216 70.

904 2242 956 2275 At
974 2242 1006 2275 si
1026 2242 1100 2275 iam
1112 2244 1259 2285 possent
1279 2242 1347 2275 cet.
1383 2239 1483 2274 Aber
1496 2251 1603 2275 wenn

857 2299 904 2322 an
929 2288 1012 2322 dem
1039 2287 1315 2322 menschlichen
1341 2287 1484 2332 Korper
1509 2287 1601 2321 alles

857 2355 900 2360 —
927 2335 1090 2379 gesehen
1109 2334 1257 2369 werden
1276 2335 1431 2376 munte,
1459 2333 1604 2368 scheint

857 2393 912 2424 εει,
952 2381 1032 2416 dass
1069 2382 1167 2415 dann
1206 2381 1270 2416 der
1296 2380 1401 2415 Geist
1439 2380 1604 2415 sichtbar

856 2428 1005 2463 werden
1041 2429 1183 2472 winde,
1224 2428 1313 2462 oder
1351 2428 1460 2462 sollte
1498 2427 1602 2461 nicht:

856 2475 1037 2509 vielmehr
1077 2475 1176 2510 seine
1214 2474 1385 2509 Feinheit
1424 2485 1462 2509 so
1503 2473 1602 2517 gross

858 2522 936 2556 sein
961 2534 995 2556 u.
1023 2534 1050 2557 s.
1076 2534 1120 2556 w.
1184 2534 1234 2557 an
1269 2523 1367 2556 steht
1399 2521 1476 2556 also
1513 2521 1602 2563 hier,

857 2570 927 2603 wie
952 2569 1077 2614 haufig
1101 2569 1197 2604 nach
1220 2569 1321 2603 einer
1341 2571 1462 2603 ersten
1483 2567 1601 2611 Fra-ge

857 2616 927 2650 mit
951 2627 1039 2650 num
1060 2616 1149 2650 oder
1171 2627 1215 2650 ne
1234 2616 1272 2649 in
1292 2615 1376 2650 dem
1398 2615 1509 2649 Sinne
1531 2625 1602 2648 von

857 2674 907 2697 an
926 2664 1062 2707 potius.
1115 2663 1149 2697 S.
1182 2675 1210 2696 z.
1238 2666 1256 2704 ξ
1284 2666 1340 2697 40.
1391 2662 1435 2695 de
1462 2672 1536 2695 sen.
1565 2665 1595 2701 7,

857 2714 903 2744 23
940 2721 1029 2744 num
1055 2730 1098 2734 —
1132 2710 1244 2753 coeyit
1280 2710 1321 2742 in
1358 2709 1434 2743 suis
1470 2707 1602 2741 studiis

857 2758 1089 2791 obmutescere
1107 2760 1283 2797 senectus,
1308 2767 1355 2789 an
1378 2756 1417 2788 in
1437 2754 1602 2788 omnibus

856 2804 912 2838 his
938 2804 1142 2838 stadiorum
1170 2802 1324 2846 ayitatio
1352 2802 1445 2835 vitae
1470 2811 1601 2845 aequa-

857 2851 903 2884 lis
927 2849 1028 2892 fait?
