1790 3103
121 1112 171 1152 11

129 1163 175 1194 24

131 1737 175 1768 25
191 1728 267 1766 dici
311 1733 451 1779 potest.

190 92 209 129 1
217 89 242 130 6
698 89 746 123 M.
775 88 934 124 TULLII
961 87 1214 123 CICERONIS

186 200 302 238 etiam
335 200 367 237 si
398 199 649 238 mediocriter
682 210 841 250 aegrum
873 205 944 250 est,
977 211 1112 237 sanum
1147 210 1223 237 non
1254 204 1325 250 est,
1357 199 1413 237 sic
1445 199 1484 237 in
1511 199 1637 238 animo
1662 201 1736 242 ista

186 257 437 297 mediocritas
469 263 576 297 caret
606 259 783 296 sanitate.
845 257 979 308 Itaque
1012 257 1210 308 praeclare
1242 258 1384 308 nostri,
1421 263 1465 296 ut
1502 257 1573 296 alia
1605 257 1737 312 multa,

187 316 415 368 molestiam,
447 316 761 367 sollicitudinem,
793 328 978 367 angorem
1011 322 1172 367 propter
1204 315 1498 354 similitudinem
1527 327 1741 367 corporum

187 387 394 427 aegrorum
443 375 726 426 aegritudinem
778 376 1087 413 nominaverunt.
1155 374 1237 413 Hoc
1268 386 1390 426 prope
1430 373 1587 413 modum
1619 374 1743 416 verbo.

187 434 326 473 Graeci
357 447 512 474 omnem
538 435 656 472 animi
681 433 1017 485 perturbationem
1044 432 1256 485 appellaut3
1288 439 1426 472 vocant
1452 434 1557 472 enim
1581 428 1736 490 πάθος,

186 493 224 532 id
265 499 325 532 est
362 493 561 544 morbum,
606 494 842 543 quicumque
888 498 948 531 est
992 498 1121 531 motus
1164 493 1203 530 in
1249 493 1376 530 auimo
1421 491 1620 532 turbidus:
1665 505 1734 534 nos

187 552 344 604 melius3
383 553 510 603 aegris
548 553 652 589 euim
691 551 924 602 corporibus
961 551 1153 589 simillima
1191 552 1310 589 animi
1347 557 1405 589 est
1443 551 1662 603 aegritud03
1699 557 1740 593 at·

188 623 265 650 non
299 611 435 649 similis
467 611 745 660 aegrotationis
783 615 843 648 est
875 609 1010 661 libide,
1052 622 1130 648 non
1165 609 1406 648 inmoderata
1439 609 1599 662 laetitia,
1638 622 1736 661 quae

187 676 248 708 est
284 669 462 720 voluptas
499 670 618 707 animi
655 668 752 707 elata
791 675 829 707 et
866 670 1048 719 gestiens.
1111 668 1197 719 Ipse
1238 670 1352 707 etiam
1392 674 1518 707 metus
1563 681 1640 708 non
1679 675 1738 710 est

188 727 316 767 morbi
353 728 560 766 admodum
599 727 754 779 similis,
792 739 1025 778 quamquam
1063 727 1297 779 aegritudini
1335 733 1394 766 est
1426 728 1631 779 finitimus,
1669 728 1737 768 sed

188 788 364 839 proprie,
408 792 452 826 ut
483 788 695 838 aegrotatio
727 788 767 824 in
800 798 982 838 corpore,
1027 788 1082 825 sic
1123 786 1325 837 aegritudo
1357 788 1396 825 in
1429 787 1557 825 animo
1595 798 1737 826 nomen

188 845 304 884 habet
341 857 418 884 non
458 847 678 884 seiunctum
717 857 736 883 a
775 845 918 883 dolore.
981 845 1133 883 Doloris
1172 845 1288 884 huius
1326 847 1445 896 igitur
1483 846 1592 896 origo
1625 845 1737 884 nobis

188 904 415 956 explicanda
447 910 524 955 est,
561 904 600 942 id
639 909 698 942 cst
735 916 851 942 causa
890 905 1064 942 efficiens
1097 903 1380 955 aegritudinem
1412 906 1451 942 in
1484 905 1611 942 animo
1643 910 1737 943 tam-

189 975 303 1014 quam
337 964 642 1014 aegrotationem
683 964 723 1000 iu
757 975 932 1014 corpore.
994 963 1090 1001 Nam
1123 968 1166 1001 ut
1205 963 1345 1001 medici
1378 974 1492 1001 causa
1525 962 1652 1002 morbi
1683 965 1739 1002 in—

188 1027 302 1060 venta
335 1023 577 1060 curationem
611 1033 697 1059 esse
729 1022 926 1060 inventam
958 1027 1115 1074 putant,
1147 1023 1201 1059 sic
1235 1034 1304 1060 nos
1338 1034 1452 1060 causa
1484 1021 1759 1072 aegritudinis*

189 1086 344 1131 reperta
376 1080 558 1118 medendi
590 1080 813 1118 facultatem
846 1082 1099 1131 reperiemus.

306 1138 377 1178 Est
418 1141 538 1190 igitur
588 1151 704 1177 causa
748 1140 874 1177 omnis
918 1141 956 1177 in
1007 1141 1189 1191 opinione
1234 1152 1305 1178 nec
1350 1152 1441 1178 vero
1486 1139 1741 1190 aegritudinis

191 1198 336 1250 solum,
374 1198 441 1236 sed
481 1199 596 1236 etiam
634 1197 876 1249 reliquarum
913 1200 1086 1237 omnium
1125 1198 1482 1251 perturbationum,
1521 1210 1618 1249 quae
1651 1203 1742 1237 sunt

189 1269 333 1308 genere
367 1263 563 1308 quattuor,
596 1256 773 1308 partibus
804 1257 948 1308 plures.
1008 1257 1104 1296 Nam
1137 1270 1226 1296 cum
1258 1259 1384 1296 omnis
1416 1257 1659 1309 perturbatio
1692 1259 1742 1296 sit

190 1317 308 1355 animi
341 1321 470 1354 motus
502 1316 561 1354 vel
594 1317 753 1354 rationis
787 1328 926 1366 expers
953 1316 1012 1355 vel
1044 1318 1235 1355 rationem
1267 1328 1481 1368 aspernans
1510 1316 1569 1354 vel
1601 1317 1741 1355 rationi

190 1387 268 1414 non
306 1375 538 1426 oboediens,
591 1376 702 1425 isque
741 1381 870 1413 motus
908 1380 975 1413 aut
1017 1375 1109 1413 boni
1147 1382 1213 1414 aut
1251 1376 1340 1414 mali
1378 1376 1560 1427 opinione
1599 1377 1742 1414 citetur

190 1434 379 1485 bifariam,
412 1439 596 1485 quattuor
628 1433 944 1485 perturbationes
976 1434 1189 1485 aequaliter
1221 1434 1452 1474 distributae
1485 1440 1587 1473 sunt.
1644 1434 1742 1473 Nam

189 1493 287 1532 duae
321 1499 412 1531 suut
445 1505 490 1530 ex
524 1494 705 1544 opinione
739 1492 848 1544 boni,
888 1505 1053 1543 quarum
1092 1493 1211 1532 altera
1249 1494 1468 1544 voluptas
1507 1495 1742 1546 gestiens,

189 1552 226 1590 id
272 1557 332 1590 est
374 1557 531 1603 praeter
575 1552 733 1590 modum
777 1551 873 1590 elata
915 1551 1078 1604 laetitia,
1122 1554 1304 1603 opinione
1353 1554 1570 1604 praesentis
1614 1554 1744 1604 magni

189 1610 354 1649 alicuius
387 1610 496 1662 boui,
538 1610 676 1662 altera,
718 1622 816 1661 quae
857 1616 916 1649 est
947 1611 1187 1649 inmoderata
1219 1611 1404 1662 adpetitio
1437 1612 1583 1662 opinati
1615 1612 1744 1662 magni

191 1668 281 1707 boni
327 1671 468 1708 rationi
507 1681 584 1707 non
622 1669 915 1722 obtemperans,
959 1669 1018 1708 vel
1063 1671 1301 1721 cupiditas
1346 1676 1453 1709 recte
1492 1670 1550 1708 vel
1594 1669 1741 1709 libido

514 1728 617 1778 Ergo
662 1728 756 1766 haec
789 1728 866 1767 duo
908 1741 1068 1779 genera,
1114 1729 1288 1781 voluptas
1327 1730 1499 1780 gestiens
1537 1734 1575 1768 et
1612 1728 1743 1782 libido,

238 1869 294 1900 23.
333 1876 397 1900 nos
433 1866 577 1908 metim,
616 1865 706 1900 iiber
738 1866 808 1900 den
840 1866 870 1900 V
876 1876 930 1900 or-

191 1913 286 1947 wurf
309 1925 335 1948 s.
362 1925 390 1947 z.
418 1917 450 1956 4,
478 1917 507 1947 7.

234 1960 387 2004 proprie
421 1980 465 1984 ——
501 1960 691 2004 aeyritudo
727 1980 769 1984 -—
805 1970 933 1994 nomen

189 2007 294 2042 habet
326 2008 394 2041 eet.
447 2007 583 2041 ‘Ihrem
609 2007 745 2041 Wesen
771 2008 933 2051 entspre-

193 2053 314 2089 cheud
346 2054 412 2088 hat
437 2053 495 2089 die
521 2053 800 2088 Beku‘mmernis
827 2055 933 2088 einen

192 2101 354 2144 Namen,
392 2101 428 2135 in
467 2101 551 2136 dem
593 2101 658 2135 der
695 2100 837 2145 Begriff
870 2101 933 2135 des

194 2148 405 2183 Schmerzes
437 2148 557 2192 liegt’,
595 2148 659 2182 das
689 2147 816 2182 heisst:
850 2148 933 2182 dem

191 2195 330 2230 VVesen
350 2195 414 2229 der
427 2195 707 2230 Bekiimmernis
728 2195 934 2240 entspricht

193 2253 243 2284 es,
270 2242 350 2277 dass
377 2242 429 2276 sie
456 2243 564 2277 einen
589 2243 734 2277 Namen
759 2243 844 2286 hat,
871 2242 934 2276 der

191 2289 261 2324 mit
286 2290 369 2323 dem
395 2289 537 2334 Begriff
558 2288 765 2324 Krankheit
798 2300 934 2324 zusam-

192 2337 404 2380 menhangt.
438 2357 481 2361 ——
520 2337 561 2369 In
599 2337 683 2371 dem
716 2337 934 2381 Vergleiche

191 2387 233 2418 ut
270 2384 468 2428 aegrotatio
507 2394 601 2428 corp.
635 2383 728 2418 wird
767 2384 933 2429 zugleich

193 2430 258 2465 der
285 2430 411 2465 Grund
438 2431 670 2475 angegeben,
696 2430 860 2465 namlioh
887 2431 934 2465 da

193 2477 245 2512 sie
264 2478 328 2512 der
347 2477 606 2522 korperlichen
619 2478 827 2513 Krankheit
846 2478 933 2512 {thn-

193 2524 270 2559 lieh
294 2525 353 2559 ist.

242 2572 332 2616 Kap.
355 2571 416 2606 11.
450 2575 505 2606 24.
526 2572 641 2616 igyitur
660 2572 855 2607 verbindet
874 2572 933 2606 die

194 2618 445 2663 Abhandlung
494 2617 564 2652 mit
613 2619 677 2653 der
726 2619 933 2663 Propositio

195 2666 284 2701 oder
315 2666 467 2709 Angabe
500 2666 564 2700 des
597 2666 755 2701 Themas
788 2667 936 2710 (doloris

197 2733 240 2738 —-
278 2714 378 2757 oriyo
416 2713 633 2757 &replicanda
670 2714 751 2757 est),
795 2714 934 2748 welche

196 2760 313 2794 durch
333 2761 402 2795 den
423 2760 741 2804 eingeschobenen
763 2759 848 2795 Satz
868 2760 936 2794 mit

194 2819 280 2842 ‘nam
312 2811 353 2841 ut
383 2808 512 2842 ‘medici
538 2809 606 2842 cet.
634 2808 749 2842 nither
776 2807 933 2852 begriin-

196 2854 260 2888 det
272 2855 406 2889 wurde.
435 2854 592 2897 Seyffert
606 2855 687 2890 Sch.
703 2855 782 2890 Lat.
800 2854 861 2899 Ip.
880 2859 932 2889 12.

1052 1867 1093 1900 in
1118 1867 1297 1910 opinione.
1349 1865 1467 1901 Sowie
1493 1865 1565 1901 alle
1590 1865 1744 1911 Tugend

1007 1913 1071 1948 auf
1093 1912 1212 1947 einem
1232 1914 1377 1948 Wissen
1401 1913 1545 1956 berulfi„
1571 1925 1599 1949 z,
1617 1912 1658 1948 B.
1685 1913 1742 1948 die

1006 1960 1223 2004 Tapterkeit
1265 1960 1331 1994 auf
1367 1961 1450 1995 dem
1487 1960 1635 1995 Wissen
1671 1971 1744 1996 von

1006 2007 1109 2051 dem,
1147 2017 1222 2041 was
1259 2007 1450 2042 furchtbar
1481 2008 1530 2042 ist
1563 2007 1638 2042 und
1669 2018 1744 2042 was

1006 2054 1125 2097 nicht,
1160 2065 1199 2089 so
1233 2054 1395 2089 beruhen
1426 2054 1485 2089 die
1511 2054 1657 2089 Affekte
1681 2053 1748 2089 auf

1007 2100 1107 2136 einer
1133 2101 1299 2136 falschen
1318 2100 1555 2146 Einbifflung,
1581 2101 1744 2137 ntimlich

1006 2147 1085 2182 dass
1112 2147 1170 2182 die
1190 2148 1309 2193 Dinge
1335 2148 1634 2193 begehrenswert
1657 2149 1744 2184 oder

1005 2195 1195 2229 furchtbar
1221 2196 1331 2239 seien,
1357 2195 1416 2229 die
1433 2206 1480 2229 res
1505 2195 1609 2230 nicht
1634 2195 1726 2230 sind.

1047 2243 1236 2287 partibus:
1274 2242 1311 2276 in
1343 2242 1413 2277 den
1445 2243 1743 2278 Unterabteilun-

1006 2301 1087 2334 gen.
1127 2290 1158 2324 V
1179 2293 1234 2333 25,
1257 2294 1298 2324 71
1319 2301 1450 2333 ¹(Jertera
1466 2293 1654 2335 partesque
1673 2291 1744 2324 vir-

1006 2340 1132 2371 tutum.

1053 2385 1106 2418 vel
1154 2385 1310 2419 rationis
1349 2405 1391 2409 —
1426 2395 1500 2419 ‘non
1548 2384 1744 2427 oboediens,

1006 2431 1349 2475 Umschreibungen
1374 2432 1438 2465 der
1465 2430 1650 2466 stoischen
1675 2431 1745 2466 De-

1007 2478 1162 2513 finition
1218 2478 1325 2523 Diog.
1363 2478 1431 2511 VH
1471 2482 1537 2513 110
1582 2476 1657 2512 ἔστι
1701 2475 1742 2513 δὲ

1007 2522 1098 2560 αὐτὸ
1144 2523 1184 2559 τὸ
1230 2506 1355 2565 πάθος
1392 2523 1487 2559 κατὰ
1525 2522 1683 2569 Ζήνωνα
1720 2521 1743 2569 ἡ

1006 2570 1154 2627 ἄλογος
1170 2572 1234 2606 καὶ
1264 2570 1365 2627 παρὰ
1399 2569 1512 2616 φύσιν
1546 2572 1666 2617 ψυχῆς
1691 2573 1743 2606 κί-

1007 2632 1109 2663 νησις
1134 2616 1156 2663 ἠ
1183 2616 1278 2664 ὁρμὴ
1304 2617 1565 2661 πλεονάζουσα.

1055 2668 1200 2709 citetur
1237 2668 1329 2701 stati:
1365 2667 1427 2701 des
1461 2666 1744 2711 gewohnlichen

1007 2715 1191 2755 εωοίᾚειῑιτ,
1216 2718 1408 2748 moveatur.

1053 2762 1219 2817 zoluptas
1254 2762 1414 2804 qestiens.
1465 2759 1743 2796 Stob.ec1.11

1007 2821 1040 2853 p.
1076 2812 1142 2842 174
1185 2805 1325 2852 ἡδονὴν
1369 2806 1406 2842 δ’
1453 2806 1550 2842 εἶναι
1589 2806 1743 2864 ἔπαρσιν

1006 2855 1129 2899 ψυχῆς
1154 2851 1297 2899 ἀπειθῆ
1323 2852 1436 2902 λόγῳ,
1462 2856 1583 2890 αἴτιον
1609 2851 1647 2889 δ’
1675 2850 1743 2888 αὖ·
