1790 3103
165 92 221 133 26
684 91 732 125 Μ.
759 90 923 126 TULLII
948 89 1200 125 CICERONIS

169 206 314 240 tantem
355 201 459 239 enim
501 207 671 240 mentem
712 202 765 239 ita
807 202 912 252 novi,
953 212 1021 251 spe
1063 211 1199 238 eorum
1232 199 1426 249 omnium,
1467 209 1565 248 quae
1599 209 1716 248 supra
1766 237 1769 240 ,

108 271 153 302 42
169 259 265 311 dixi,
298 259 380 297 fore
414 264 456 297 ut
488 264 626 298 natura
659 261 705 297 iis
739 261 892 310 potiens
919 258 1051 296 dolore
1079 253 1235 295 careat.'
1286 257 1412 306 Atque
1439 255 1534 294 haec
1562 255 1720 306 quidem

168 318 228 356 his
261 316 408 369 verbis,
447 319 572 368 quivis
605 324 647 357 ut
685 317 900 368 intellegat,
940 328 1055 367 quam
1094 315 1330 365 voluptatem
1370 315 1474 353 norit
1511 313 1720 365 Epicurus.

169 376 314 414 Deinde
353 375 467 426 paulo
506 377 606 414 infra
651 373 791 426 ‘Saepe
831 371 1019 426 quaesivi'
1064 375 1191 424 inquit
1238 369 1300 410 ‘ex
1339 373 1404 424 iis,
1449 373 1516 422 qui
1554 371 1720 423 appella-

169 434 311 473 bantur
355 436 568 486 sapientes,
615 435 706 485 quid
749 433 938 472 haberent
979 432 1083 483 quod
1123 434 1163 469 in
1204 430 1317 469 bonis
1360 430 1645 482 relinquerent,
1690 432 1723 469 si

168 492 231 530 illa
263 492 541 544 detraxissent,
575 494 649 531 nisi
682 494 715 531 si
747 492 889 531 vellent
922 503 1035 529 voces
1067 492 1202 528 inanes
1235 488 1418 540 fundere3
1457 488 1553 526 nihil
1590 488 1636 527 ab
1674 489 1721 528 iis

169 552 278 601 potui
311 563 566 601 cognoscere:
599 552 666 601 qui
699 552 731 589 si
764 553 929 589 virtutes
956 549 1119 587 ebullire
1147 548 1277 586 volent
1303 553 1341 585 et
1367 548 1594 598 sapientias,
1629 546 1724 585 nihil

169 609 270 647 aliud
310 609 441 647 dicent
480 610 555 647 nisi
594 621 679 647 eam
717 610 834 660 viam,
872 621 946 659 qua
984 607 1204 645 efficiantur
1246 618 1313 644 eae
1352 605 1588 657 voluptates,
1627 617 1723 655 quas

169 679 286 717 supra
328 664 433 704 dixi?
497 667 602 712 Quae
645 674 866 718 sequuntur
907 669 946 705 in
989 665 1124 704 eadem
1168 665 1360 703 sententia
1402 669 1494 702 sunt
1538 669 1723 714 totusque

169 725 285 776 liber,
318 726 385 775 qui
418 732 477 764 est
510 725 556 764 de
590 738 742 764 summo
770 725 890 776 bono,
922 725 1093 763 refertus
1126 730 1183 762 est
1215 729 1254 761 et
1286 722 1416 760 verbis
1449 728 1488 760 et
1519 723 1724 760 sententiis

108 795 153 825 43
170 783 322 822 talibus.
384 783 441 821 Ad
479 784 643 822 hancine
682 786 801 835 igitur
840 785 955 822 vitam
988 782 1238 821 Telamonem
1276 780 1386 819 illum
1424 779 1643 830 revocabis,
1682 786 1725 819 ut
1774 805 1776 807 »

170 841 273 880 leves
307 841 610 894 aegritudinem,
644 849 698 894 et,
732 844 764 880 si
797 854 913 892 quem
947 847 1105 880 tuorum
1135 840 1332 878 adflictum
1366 851 1542 877 maerore
1570 838 1726 890 videris,

170 900 261 938 huic
294 902 563 951 acipenserem
597 903 727 950 potius
760 912 874 950 quam
908 900 1076 950 aliquem
1105 899 1347 937 Socraticum
1381 897 1554 936 libellum
1587 894 1726 935 dabis?

170 958 348 1009 hydrauli
380 958 589 996 hortabere
624 965 665 997 ut
698 959 828 997 audiat
860 970 974 996 voces
1008 959 1138 1008 potius
1171 968 1286 1007 quam
1318 953 1520 994 Platonis?
1552 967 1725 1006 expones

169 1028 267 1066 quae
301 1022 453 1067 spectet
484 1015 619 1054 florida
653 1023 691 1055 et
723 1018 846 1067 varia,
887 1015 1115 1054 fasciculum
1155 1014 1200 1052 ad
1241 1026 1354 1052 nares
1387 1012 1631 1065 admovebis,
1668 1015 1725 1051 in-

169 1075 313 1113 cendes
346 1074 505 1126 odores,
538 1080 575 1113 et
609 1076 725 1113 sertis
758 1075 934 1113 redimiri
967 1073 1120 1113 iubebis
1153 1078 1192 1111 et
1223 1070 1341 1110 rosa‘?
1379 1073 1411 1110 si
1451 1084 1541 1110 vero
1580 1071 1725 1122 aliquid

170 1134 285 1171 etiam
323 1154 392 1184 —-,
425 1139 507 1171 tum
540 1133 652 1184 plane
686 1133 834 1172 luctum
867 1145 1022 1171 omnem
1055 1132 1301 1170 absterseris.

101 1179 153 1219 19
286 1191 390 1230 Haec
428 1191 600 1242 Epicuro
639 1191 858 1230 confitenda
904 1198 994 1230 sunt
1033 1197 1099 1229 aut
1141 1202 1202 1240 ea,
1247 1201 1345 1240 quae
1384 1188 1498 1226 modo
1540 1199 1725 1239 expressa

169 1250 214 1288 ad
248 1250 410 1288 verbum
443 1250 538 1301 dixi,
581 1250 751 1288 tollenda
783 1250 830 1288 de
863 1249 962 1288 libro
1002 1249 1061 1287 vel
1099 1254 1204 1287 totus
1243 1247 1343 1286 liber
1381 1248 1512 1298 potius
1552 1246 1724 1285 abiciun-

169 1308 258 1360 (lus3
301 1315 361 1346 est
402 1310 504 1346 enim
548 1310 750 1347 confertus
792 1308 1067 1360 voluptatibus.
1131 1306 1408 1353 Quaerendum
1446 1306 1566 1355 igitur
1609 1317 1725 1355 quem

169 1366 214 1404 ad
248 1367 406 1405 modum
439 1367 681 1417 aegritudine
715 1369 913 1417 privemus
946 1379 1053 1419 eum,
1086 1367 1154 1416 qui
1186 1367 1237 1404 ita
1270 1365 1392 1403 dicat:

258 1480 264 1486 .
299 1480 305 1486 .
340 1480 347 1487 .
382 1450 456 1488 Pol
484 1448 582 1487 milei
608 1448 777 1497 fortuna
809 1447 937 1497 massis
970 1461 1076 1486 nune
1109 1449 1204 1494 defit
1235 1446 1352 1494 quum
1383 1457 1522 1494 qemts.

167 1630 253 1654 man
273 1619 460 1662 Hoffnung
479 1619 559 1662 hat,
585 1620 650 1653 auf
668 1618 725 1653 die
747 1629 908 1663 genanu-

167 1668 230 1701 ten
250 1666 386 1711 Dinge,
412 1666 593 1709 n'amlieh‚
621 1665 699 1700 dass
725 1665 789 1700 dei·
806 1665 910 1700 Geist

167 1714 204 1747 in
233 1713 352 1748 ihrem
378 1713 499 1747 Besitz
531 1724 604 1747 von
637 1712 809 1747 Sehmerz
839 1712 909 1746 frei

168 1760 245 1794 sein
270 1760 402 1795 werde.
454 1760 537 1794 Wie
576 1759 653 1794 also
690 1770 751 1803 spe
788 1769 909 1794 eorum

166 1808 326 1841 onmium
351 1819 394 1840 zu
427 1807 498 1849 ita,
537 1818 576 1841 so
616 1807 719 1851 giebt
754 1807 832 1848 fore
869 1809 909 1840 ut

168 1854 248 1888 eine
262 1853 513 1897 Erlauterung
535 1866 577 1887 zu
597 1864 717 1887 eorum
737 1854 908 1887 omm'um.

215 1904 270 1934 42.
285 1911 382 1935 voces
396 1902 447 1934 in.
455 1901 626 1943 funalem,-
640 1911 720 1934 voce
733 1900 841 1934 inani
853 1910 907 1934 so·

167 1958 256 1981 rnare
281 1948 364 1991 sagi
390 1947 453 1981 der
478 1946 683 1991 Epikureer
715 1947 759 1981 de
786 1947 846 1980 fin.
873 1947 907 1980 ΙΙ

170 1997 224 2036 15,
245 1997 289 2027 48
311 2005 382 2028 von
401 1993 483 2027 dem
505 1993 688 2028 stoischen
711 1994 905 2028 honestum.

213 2041 247 2074 si
288 2041 437 2075 virtutes
475 2041 622 2075 ebullire
664 2041 751 2082 vol,
801 2051 906 2074 wenn

168 2087 221 2121 sie
251 2087 322 2121 den
348 2087 463 2122 Mund
487 2087 563 2121 voll
589 2087 764 2129 nehmen,
796 2087 906 2130 prah-

167 2133 302 2168 lerisch
341 2145 411 2168 von
449 2133 520 2168 den
556 2134 759 2178 Tugenden
796 2133 905 2167 reden

167 2181 318 2224 wollen,
357 2192 396 2216 so
423 2180 555 2215 wissen
585 2181 636 2215 sie
663 2181 758 2215 doch
790 2179 911 2214 nichts

168 2227 321 2262 anderes
358 2240 402 2262 zu
439 2238 564 2271 Sagen.
627 2227 672 2262 de
704 2228 763 2261 fin.
796 2227 828 2261 V
855 2231 910 2268 27,

169 2277 213 2308 80
241 2274 391 2308 Dixerit
415 2275 478 2309 lzoc
504 2275 597 2308 idem
610 2274 800 2317 Epicurus
824 2284 910 2308 sem-

160 2331 230 2365 per
268 2321 408 2355 beatum
446 2331 516 2355 esse
559 2322 772 2364 sapientem.-
816 2321 911 2364 quod

166 2368 310 2411 quidem
335 2369 421 2402 solet
441 2368 589 2402 ebullire
608 2379 681 2402 von
700 2378 907 2411 mcmquam.

214 2415 432 2458 sapientiae,
468 2414 842 2458 ‘Weisheitsregeln’.
893 2414 908 2446 Ι

170 2465 224 2504 16,
265 2465 309 2495 36
347 2462 576 2504 formidines,
615 2461 908 2496 Sehreekbilder.

169 2508 242 2542 Der
279 2508 404 2542 Plural
442 2519 514 2542 von
552 2508 779 2542 Abstrakten
819 2507 909 2541 wird

167 2554 295 2599 haufig
337 2555 375 2588 in
420 2555 639 2589 konkretem
684 2553 795 2588 Sinne
845 2565 908 2597 ge-

168 2601 335 2636 braucht.
386 2601 475 2636 Hier
496 2601 590 2646 liegt
611 2600 749 2645 jedoch
768 2601 806 2634 in
827 2600 910 2635 dem

170 2648 298 2683 Plural
325 2647 405 2683 eine
431 2649 585 2693 gewisse
612 2647 741 2682 Ironie.

216 2699 271 2731 43.
311 2696 565 2739 acipenserem,
604 2695 662 2729 ein
694 2706 737 2728 zu
763 2694 908 2728 Ciceros

169 2742 250 2776 Zeit
298 2742 394 2776 noch
447 2742 531 2777 sehr
580 2741 910 2786 hochgeschatzter

168 2789 297 2832 Fisch,
317 2788 508 2824 vielleicht
527 2800 637 2823 unser
658 2788 757 2831 St6r3
787 2787 824 2821 in
845 2788 911 2821 der

168 2835 370 2870 Kaiserzeit
401 2836 487 2871 kam
516 2836 581 2870 der
607 2835 715 2870 Fisch
749 2846 813 2869 aus
847 2834 910 2869 der

982 1618 1102 1652 Mode.
1155 1618 1188 1652 S.
1216 1616 1399 1651 Heindorf
1421 1629 1448 1651 z.
1476 1615 1563 1651 Hor.
1590 1615 1666 1650 Sat.
1693 1615 1728 1650 ΙΙ

1028 1712 1219 1756 hydrauli,
1246 1710 1520 1755 Wasserorgel,
1556 1709 1636 1744 eine
1663 1710 1725 1744 Er-

982 1758 1136 1803 findung
1167 1758 1230 1792 des
1262 1756 1500 1791 Mechaniker
1524 1756 1724 1791 Ktesibius.

981 1805 1124 1839 Pfeifen
1151 1804 1307 1839 standen
1345 1803 1414 1838 mit
1450 1803 1534 1838 dem
1571 1804 1726 1838 unteren

983 1851 1084 1886 Teile
1111 1852 1149 1886 in
1175 1851 1341 1892 Wasser,
1369 1850 1452 1892 das,
1478 1860 1586 1884 wenn
1605 1860 1643 1884 es
1662 1850 1725 1884 be—

980 1900 1080 1943 wegb
1093 1898 1228 1941 warde,
1248 1897 1307 1931 die
1322 1897 1410 1931 Luft
1432 1896 1724 1941 herausdrangte

980 1946 1055 1979 und
1105 1945 1217 1980 somit.
1265 1944 1366 1978 Tone
1421 1943 1723 1987 hervorbrachte,

980 1992 1092 2026 deren
1119 1991 1369 2027 Liebliohkeit
1394 1991 1569 2034 geriihml:
1594 1989 1697 2024 wird.

1027 2039 1161 2082 florida
1180 2042 1212 2073 et
1230 2038 1353 2079 varia,
1375 2037 1408 2070 d.
1425 2037 1447 2070 i.
1468 2038 1590 2072 varios
1609 2037 1723 2080 flores.

1027 2086 1262 2128 fasciculum,
1288 2084 1453 2118 namlich
1479 2084 1620 2126 florum.

1028 2137 1059 2167 et
1084 2133 1186 2166 sertis
1207 2151 1250 2156 —
1272 2135 1303 2165 et
1327 2141 1420 2166 rosa.
1472 2130 1514 2164 In
1531 2130 1602 2164 den
1616 2129 1723 2165 Wor-

984 2180 1048 2214 ten
1074 2179 1166 2223 liegh
1184 2178 1283 2213 wohl
1303 2177 1383 2212 eine
1403 2176 1659 2211 Reminiscenz
1679 2188 1726 2212 an

985 2226 1067 2260 eine
1105 2225 1384 2268 Dichterstelle,
1430 2224 1494 2258 der
1531 2224 1726 2258 Ausdruek

983 2273 1033 2307 ist
1052 2272 1276 2316 wenigstens
1303 2271 1367 2306 der
1387 2271 1604 2315 poetisohen
1622 2270 1725 2305 Rede

983 2319 1190 2364 angepasst.

1028 2367 1061 2400 si
1098 2366 1240 2410 aliquid
1279 2366 1405 2399 etiam:
1449 2363 1530 2398 eine
1568 2363 1723 2408 Aposio-

981 2423 1077 2457 pese.
1131 2413 1237 2446 Aueh
1273 2411 1368 2447 oben
1403 2410 1485 2444 sind
1520 2410 1579 2444 die
1605 2407 1725 2454 ἀφρο-

982 2460 1082 2494 δίσια
1115 2459 1184 2493 ωἰι
1215 2460 1248 2493 si
1278 2469 1369 2502 quae
1401 2458 1496 2492 aliae
1526 2457 1726 2501 voluptates

981 2518 1050 2541 nur
1076 2506 1310 2550 angedeutet.

1029 2553 1255 2587 absterseris:
1281 2552 1372 2586 iiber
1397 2551 1463 2585 das
1488 2550 1614 2584 Futur.
1642 2560 1725 2584 exa-

983 2601 1083 2634 ctum
1109 2611 1136 2633 s.
1165 2612 1193 2634 z.
1222 2600 1255 2633 Π
1282 2602 1343 2641 11,
1369 2602 1426 2633 26.

1029 2646 1123 2690 Kap.
1151 2645 1213 2680 19.
1255 2649 1311 2680 44.
1340 2645 1410 2679 Pol
1428 2644 1536 2679 mihi:
1560 2643 1722 2678 trochai-

983 2693 1067 2728 sche
1094 2693 1325 2727 Ten-ametor
1350 2702 1415 2726 aus
1442 2690 1562 2725 einem
1587 2689 1725 2725 Stiicke

982 2741 1046 2775 des
1072 2739 1222 2774 Ennius.
1272 2737 1439 2773 Ribbeck
1476 2739 1581 2773 Rom.
1614 2737 1724 2780 Trag.

983 2799 1017 2831 p.
1060 2791 1127 2821 201
1173 2785 1377 2829 vermutet‚
1422 2783 1502 2819 dass
1546 2784 1598 2818 sie
1641 2794 1725 2818 zum

983 2834 1162 2878 Thyestes
1187 2832 1367 2877 gehorten
1392 2831 1467 2866 und
1499 2831 1570 2866 den
1597 2834 1652 2873 12,
1678 2833 1723 2864 26
