1790 3103
0 1188 1 1200 1
61 1173 192 1207 tamen
234 1180 312 1206 non
355 1174 474 1218 agunt
514 1169 581 1206 sic.

325 68 719 104 TUSCULANARUM
747 68 1144 104 DISPUTATIONUM
1172 70 1214 105 V.
1245 75 1389 107 15—20.
1545 71 1624 112 107

79 180 374 230 concupiscant,
413 178 514 217 nulla
547 180 738 229 inpotenti
772 178 913 216 laetitia
947 179 1187 230 ecferantur,
1227 179 1328 218 beati
1361 182 1455 231 sint,
1494 182 1623 231 itaque

74 237 112 276 id
142 235 210 275 tibi
237 236 425 287 eoncedo3
459 237 623 275 alterum
649 243 777 275 autem
804 238 878 274 iam
905 237 1100 286 integrum
1134 250 1210 275 non
1245 245 1319 289 est3
1353 238 1623 289 superioribus

73 296 179 333 enim
211 293 539 345 disputationibus
572 296 753 333 ess'ectum
786 289 845 333 est
874 306 1009 332 vacare
1041 296 1147 332 omni
1179 297 1293 333 animi
1329 297 1622 345 perturbatione

73 354 298 404 sapientem.
363 354 416 391 M.
450 353 641 391 Nimirum
673 354 792 403 igitur
825 353 999 391 confecta
1034 364 1096 390 res
1129 359 1205 402 est,
1248 353 1399 391 videtur
1439 356 1541 392 enini
1575 355 1679 394 adl8

71 412 218 450 exitum
251 413 403 450 venisse
436 412 624 462 quaestiO.
674 412 718 449 Λ.
751 410 877 460 Prope
911 410 1068 448 modum
1101 409 1137 448 id
1172 410 1339 460 quidem.
1397 412 1449 449 M.
1478 412 1620 451 Verum

71 474 201 508 tamen
233 469 594 508 mathematicorum
627 470 700 507 iste
733 480 817 506 mos
849 475 918 519 est,
953 481 1028 506 non
1057 474 1116 506 est
1142 468 1473 519 pinlosophorum.
1525 470 1620 508 Nam

69 533 289 578 geometrae
323 540 412 566 eum
444 527 586 578 aliquid
620 527 760 565 docere
793 526 938 576 volunt,
971 528 1003 564 si
1035 526 1127 577 quid
1156 526 1200 564 ad
1229 539 1312 564 eam
1340 539 1422 565 rem
1450 529 1619 577 pertinet

68 597 222 636 eorum,
255 598 352 636 quae
385 592 472 624 ante
505 585 741 636 docuerunt,
782 585 818 622 id
853 591 1013 623 sumunt
1045 597 1115 635 pro
1149 597 1335 623 concesso
1369 592 1407 623 et
1439 585 1619 636 probato:

66 643 160 683 illud
194 644 308 682 modo
341 644 550 695 explicant,
588 643 634 681 de
677 655 754 694 quo
787 650 875 681 ante
910 642 1004 681 nihil
1037 645 1227 694 scriptum
1261 651 1330 681 est.
1392 643 1618 694 Philosophi

67 714 353 753 quamcumque
395 714 477 740 rem
514 700 660 739 habent
697 703 737 739 in
776 701 972 752 manibus,
1017 703 1055 739 in
1102 714 1184 739 eain
1231 714 1328 751 quae
1370 703 1618 752 conveniunt,

67 766 285 811 congerunt
317 761 455 810 omnia,
488 761 560 797 etsi
594 759 667 798 alio
700 759 784 797 loco
818 760 1013 810 disputata
1046 766 1148 798 sunt.
1212 760 1322 804 Quod
1357 761 1396 797 ni
1423 761 1473 798 ita
1502 767 1618 811 esset,

65 831 137 857 cur
170 818 342 869 Stoicus,
381 820 412 856 si
452 823 554 856 esset
593 819 813 868 quaesitum
851 820 995 857 satisne
1028 818 1073 856 ad
1107 817 1216 856 beate
1251 818 1458 856 vivendum
1493 820 1617 857 virtus

63 882 208 928 posset,
240 876 360 915 multa
392 873 569 914 diceret?
610 878 672 915 eui
705 878 798 915 satis
831 883 934 915 esset
967 877 1206 926 respondere
1239 888 1280 914 se
1314 882 1402 914 ante
1435 876 1616 915 docuisse

64 934 159 973 nihil
195 934 340 973 bonum
379 946 466 973 esse
505 936 580 972 nisi
619 935 721 985 quod
761 935 970 974 honestum
1008 941 1130 985 esset,
1171 934 1244 973 hoc
1283 934 1447 985 probato
1481 947 1615 973 conse-

65 1005 190 1043 quens
231 1005 317 1032 esse
359 992 510 1031 beatam
552 994 667 1031 vitam
708 995 848 1032 virtute
892 1006 976 1031 esse
1020 999 1259 1045 contentam,
1302 999 1340 1031 et
1383 1005 1459 1044 quo
1501 993 1616 1032 inodo

64 1050 137 1090 hoc
177 1053 228 1090 sit
265 1064 511 1102 consequens
550 1051 621 1103 illi,
660 1053 715 1090 sic
755 1051 849 1090 illud
887 1052 996 1103 huic,
1038 1058 1097 1103 ut,
1137 1053 1170 1089 si
1206 1051 1318 1090 beata
1358 1053 1433 1090 vita
1472 1053 1615 1090 virtute

62 1115 246 1149 contenta
279 1111 346 1161 sit,
379 1111 454 1148 nisi
486 1109 694 1148 honestum
728 1110 830 1160 quod
864 1112 931 1162 sit,
973 1110 1068 1148 nihil
1101 1110 1203 1148 aliud
1236 1112 1286 1148 sit
1317 1109 1474 1148 bonum.
1539 1109 1615 1148 Sed

643 1167 738 1207 Nam
782 1175 820 1207 et
860 1169 907 1207 de
949 1168 1112 1207 honesto
1156 1174 1194 1206 et
1235 1168 1281 1206 de
1322 1180 1472 1206 summo
1513 1168 1615 1206 bono
1632 1174 1673 1205 19

61 1228 271 1277 separatim
302 1226 391 1264 libri
425 1233 526 1277 sunt,
561 1233 599 1264 et
632 1239 721 1265 cum
754 1240 800 1265 ex
833 1239 878 1265 eo
911 1228 1104 1265 efficiatur
1137 1228 1230 1265 satis
1263 1238 1441 1277 magnam
1475 1228 1514 1265 in
1541 1229 1614 1265 vir-

60 1289 143 1323 tute
177 1284 223 1323 ad
255 1284 366 1323 beate
399 1284 606 1323 vivendum
639 1297 725 1323 esse
759 1286 856 1336 vim,
888 1285 1008 1323 nihilo
1042 1287 1171 1323 minus
1203 1285 1276 1323 hoc
1309 1291 1429 1334 agunt
1462 1297 1614 1336 separa-

60 1344 141 1382 tim.
185 1342 362 1394 Propriis
394 1344 498 1381 enim
531 1349 569 1381 et
601 1344 682 1381 suis
714 1345 956 1394 argumentis
988 1350 1027 1382 et
1057 1343 1389 1381 admonitionibus
1416 1343 1614 1382 tractanda

60 1413 238 1452 quaeque
281 1413 344 1439 res
393 1408 470 1452 est,
517 1406 621 1440 tanta
665 1404 909 1452 praesertim.
972 1402 1070 1440 Cave
1112 1403 1216 1440 enim
1256 1408 1372 1452 putes
1415 1401 1531 1440 ullam
1575 1403 1614 1439 in

58 1459 302 1510 philosophia
343 1471 477 1498 vocem
525 1461 706 1498 emissam
755 1460 960 1499 clariorem
1007 1459 1177 1498 ullumve
1219 1471 1305 1498 esse
1346 1459 1613 1510 philosophiae

58 1519 297 1569 promissum
328 1517 490 1557 uberius
522 1524 588 1556 aut
619 1520 755 1557 maius.
818 1519 913 1557 Nam
947 1519 1040 1569 quid
1072 1516 1314 1569 profitetur?
1369 1518 1400 1556 Ο
1434 1519 1472 1556 (11
1503 1518 1612 1557 boni!

57 1577 323 1627 perfecturam
355 1588 414 1628 se,
452 1578 518 1627 qui
560 1576 711 1627 legibus
744 1578 825 1616 suis
857 1579 1070 1628 paruisset,
1110 1582 1153 1615 ut
1186 1583 1289 1615 esset
1322 1583 1458 1615 contra
1491 1577 1613 1615 fortu-

57 1646 146 1672 nam
179 1646 334 1685 semper
365 1641 560 1686 armatus,
593 1641 636 1673 ut
667 1637 794 1674 omnia
826 1635 1020 1686 praesidia
1051 1635 1214 1673 haberet
1245 1636 1285 1673 in
1318 1647 1359 1673 se
1391 1635 1491 1673 bene
1524 1635 1611 1673 bea-

55 1697 173 1743 teque
207 1693 370 1744 vivendi,
408 1699 452 1731 ut
490 1699 595 1732 esset
633 1705 788 1744 semper
830 1694 998 1745 denique
1031 1693 1180 1732 heatus.
1244 1693 1319 1731 Sed
1355 1693 1485 1732 videro
1519 1693 1611 1744 quid
1627 1704 1670 1735 20

57 1751 216 1790 efficiat:
248 1753 439 1802 tantisper
470 1751 543 1790 hoc
575 1753 704 1802 ipsum
732 1754 860 1804 magni
886 1759 1074 1803 aestuum,
1107 1752 1210 1803 quod
1237 1751 1454 1803 pollicetur.
1514 1751 1611 1790 Nam

54 1875 162 1909 Auot.
189 1875 236 1909 ad
261 1874 346 1910 Her.
368 1875 412 1909 IV
437 1879 492 1917 28,
517 1880 560 1910 39
587 1887 661 1911 non
679 1880 797 1921 potest

57 1922 145 1963 dici,
169 1922 259 1965 quin
284 1923 459 1957 commode
483 1923 559 1965 fiat.

105 1969 285 2013 inteyrum
316 1979 390 2003 non
421 1973 487 2012 est,
526 1980 564 2003 es
602 1969 651 2004 ist
682 1970 797 2005 sehon

56 2014 298 2059 besmocheu,
323 2016 571 2050 entsehieden.
599 2016 634 2051 S.
656 2029 683 2050 z.
705 2020 724 2058 ἓ
740 2021 794 2052 62.

55 2073 108 2106 pr.
130 2062 224 2097 Mur.
245 2065 301 2105 21,
321 2065 364 2096 43
391 2063 510 2097 dicam
534 2063 608 2097 iam
634 2065 796 2107 apertius

55 2128 99 2133 -—-
133 2109 263 2143 amisso
293 2109 368 2143 iam
400 2113 569 2153 tempore,
601 2121 693 2153 quae
723 2111 797 2155 ipsi

51 2155 122 2190 soli
151 2166 189 2189 re
218 2156 361 2199 inteyra
393 2159 472 2199 (vor
507 2156 572 2191 der
602 2156 795 2193 Entschei-

53 2201 169 2246 dung)
194 2212 297 2246 saepe
321 2203 411 2237 dixi.

104 2252 158 2283 18.
183 2252 394 2293 yeometrae,
426 2249 593 2285 dasselbe
625 2250 695 2284 wie
721 2262 794 2286 ma—

53 2295 251 2337 thematici,
284 2295 332 2330 da
362 2295 420 2330 die
452 2296 699 2332 Mathematik
730 2298 795 2332 der

52 2341 166 2422 Alteg
191 2341 406 2377 wesentlieh
431 2342 470 2377 in
494 2343 704 2379 Geometrie
730 2345 792 2379 be—

52 2389 136 2423 stan
166 2417 172 2423 .

101 2439 133 2470 et
163 2446 233 2480 quo
263 2436 365 2470 modo
395 2436 459 2471 hoe
492 2437 548 2471 sit.
601 2437 672 2472 Das
707 2437 794 2471 Pra-

54 2493 137 2516 sens
168 2483 217 2516 ist
248 2483 404 2526 gesetzt,
438 2483 492 2517 als
526 2483 572 2518 ob
599 2484 702 2518 nicht
728 2484 793 2518 das

53 2527 314 2573 Imperfectum
339 2529 485 2572 diceret,
522 2531 678 2565 sondern
704 2532 794 2566 dicit

53 2575 310 2620 vorausginge.
348 2575 522 2620 Haufiger
547 2577 643 2621 folgt
667 2588 792 2622 umge-
824 2602 829 2604 -

52 2621 165 2657 kehrt
189 2621 256 2656 auf
276 2622 365 2657 dicit
391 2622 455 2656 der
471 2623 701 2668 Konjunktiv
721 2624 792 2657 Im-

52 2668 218 2713 perfecti,
244 2669 312 2703 wie
339 2672 358 2711 ξ
381 2673 422 2703 19
442 2671 634 2713 profitetur
661 2691 704 2695 -
729 2671 794 2715 qui

51 2716 242 2759 paruisset.
295 2715 328 2750 S.
357 2728 384 2749 z.
412 2715 461 2750 111
490 2720 544 2759 16,
571 2720 625 2752 32.
659 2716 709 2750 IV
738 2721 791 2760 19,

53 2765 98 2796 43
125 2763 332 2807 eoyitarevt.

104 2812 157 2844 19.
183 2810 224 2844 in
245 2809 495 2854 philosophia,
527 2809 592 2844 auf
615 2809 698 2844 dem
725 2809 792 2845 Ge-

869 1876 967 1911 biete
994 1876 1058 1911 der
1077 1876 1324 1921 Philosophie.
1357 1876 1608 1921 philosophiae

870 1940 913 1952 =
933 1924 1239 1967 philosophorum.

910 1971 1105 2014 paruisset.
1156 1970 1237 2004 wir
1275 1971 1398 2004 setzen
1437 1969 1501 2004 das
1539 1970 1609 2004 Im-

868 2016 1025 2061 perfekt.
1090 2016 1165 2051 Das
1203 2016 1610 2061 Plusquamperfectum

869 2063 980 2106 steht,
1006 2074 1113 2098 wenn
1138 2064 1197 2098 die
1222 2063 1422 2108 Handlung
1448 2063 1510 2097 des
1537 2063 1610 2097 Ne-

868 2110 1058 2145 bensatzes
1084 2110 1211 2145 friiher
1235 2111 1430 2155 begonnen
1462 2110 1529 2144 hat
1554 2110 1608 2144 als

868 2156 928 2191 die
942 2157 1143 2201 Handlung
1163 2157 1226 2191 des
1239 2156 1496 2200 Hauptsatzes‚
1515 2157 1609 2191 auch

868 2214 975 2238 wenn
1001 2204 1060 2238 die
1086 2205 1221 2238 erstere
1248 2204 1343 2238 noch
1367 2202 1473 2238 nieht
1498 2204 1608 2248 abge-

869 2250 1057 2285 sehlossen
1087 2262 1180 2293 war,
1214 2250 1268 2284 als
1301 2250 1360 2284 die
1393 2251 1520 2284 zweite
1545 2261 1607 2294 ge-

867 2297 992 2332 sehah.
1044 2297 1087 2332 de
1108 2296 1167 2331 off.
1188 2298 1202 2331 Ι
1224 2301 1279 2338 32,
1303 2301 1368 2331 116
1395 2298 1490 2341 quod
1515 2298 1607 2332 idem

865 2344 950 2386 fecit
979 2345 1182 2378 Timotheus
1209 2343 1365 2378 Cononis
1396 2344 1512 2386 filius,
1545 2345 1608 2388 qui

866 2401 946 2425 cum
971 2391 1053 2426 belh·
1078 2392 1185 2425 laude
1209 2401 1283 2425 non
1308 2392 1462 2434 infm·ior
1480 2392 1608 2433 fuisset

865 2449 974 2481 quam
994 2441 1113 2481 pater,
1141 2439 1188 2472 ad
1213 2449 1290 2473 eam
1315 2438 1458 2472 laudem
1476 2438 1606 2472 doetri-

865 2495 934 2519 nae
959 2488 991 2519 et
1015 2485 1154 2528 inyem'i
1178 2485 1332 2529 yloriam
1360 2485 1502 2519 adiecit.
1553 2484 1604 2518 Ib.

866 2534 922 2573 24,
949 2534 994 2565 84
1021 2531 1297 2574 Callicratidas,
1332 2532 1396 2575 qui
1427 2542 1506 2566 eum
1532 2531 1606 2565 La-

865 2579 1172 2612 cedaemom'orzwn
1214 2579 1291 2613 dua:
1333 2579 1460 2620 fuisset
1506 2578 1606 2612 Pelo-

859 2625 1080 2668 ponnesiaco
1112 2625 1200 2659 bello
1233 2645 1294 2667 —,
1328 2625 1433 2659 vertit
1465 2625 1514 2659 ad
1545 2635 1606 2659 ex-

864 2674 951 2706 trem,
956 2683 1014 2706 αΊῘό
1039 2682 1091 2706 om
1097 2683 1119 2705 n
1124 2683 1171 2706 l61.

913 2721 967 2752 20.
994 2719 1127 2759 videro,
1153 2729 1180 2751 s.
1207 2717 1239 2751 11
1268 2722 1323 2760 11,
1348 2722 1403 2752 26.

911 2764 1021 2799 Nam.
1072 2763 1139 2798 Die
1172 2763 1606 2807 Gedankenverbindung

864 2810 930 2845 ist:
967 2811 1063 2845 denn
1089 2821 1194 2844 wenn
1219 2811 1331 2845 sehon
1357 2809 1494 2844 Xerxes
1521 2809 1605 2844 dem
