1833 3098
318 95 712 132 TUSCULANARUM
739 93 1135 129 DISPUTATIONUM
1163 93 1204 128 V.
1232 97 1404 128 94—100.
1554 93 1638 134 145

84 207 223 247 melius
256 211 431 256 cenaret,
463 205 652 244 obsonare
685 202 916 242 ambulando
951 203 1101 240 samem.
1165 200 1295 247 Quid?
1334 204 1477 241 victum
1518 202 1634 241 Lace-

84 266 379 305 daemoniorum
411 267 450 303 in
482 263 643 315 philitiis
670 274 798 301 nonne
825 259 1030 299 videmus?
1094 259 1162 298 [bi
1190 273 1278 298 cum
1307 267 1494 312 tyrannus
1521 273 1632 300 cena·
1649 273 1694 304 913

84 326 204 364 visset
242 323 466 375 Dionysius,
510 323 664 372 negavit
707 333 748 359 se
793 322 877 358 iure
923 318 986 356 illo
1033 320 1160 369 nigro,
1207 320 1309 369 quod
1355 332 1473 358 cenae
1520 326 1636 371 caput

85 388 186 434 erat,
218 382 463 421 delectatum.
526 380 625 418 Tum
659 381 708 430 is,
742 380 809 429 qui
841 377 902 415 illa
937 383 1112 415 coxerat:
1145 374 1317 415 ‘Minime
1352 379 1511 428 mirum,
1545 390 1635 416 con-

83 441 254 480 dimenta
285 442 388 478 enim
422 434 658 477 defuerunt?
722 434 844 482 ‘Quae
878 432 1085 474 tande1n?’
1124 436 1251 485 inquit
1283 435 1358 474 ille.
1422 433 1564 474 ‘Labor
1597 438 1634 474 in

84 504 242 550 venatu,
275 498 411 548 sudor,
450 508 590 535 cursus
628 495 675 533 ad
712 494 917 546 Eurotam,
956 494 1094 544 sames,
1134 495 1236 544 sitis3
1277 494 1336 531 his
1376 495 1479 531 enim
1518 494 1636 532 rebus

83 556 478 596 Lacedaemoniorum
517 553 653 605 epulae
687 549 951 592 condiuntur.'
1014 553 1139 603 Atque
1181 552 1255 590 hoc
1300 564 1377 590 non
1424 564 1468 589 ex
1515 552 1636 590 homi·

84 627 177 654 num
210 627 317 654 more
350 613 492 664 solum,
531 612 598 651 sed
631 614 746 650 etiam
780 624 825 650 ex
865 611 1001 650 hestiis
1039 610 1212 661 intellegi
1250 615 1398 661 potest,
1437 623 1554 662 quae,
1595 617 1637 649 ut

83 673 269 725 quicquid
301 672 497 711 obiectum
530 677 605 721 est,
645 670 746 721 quod
782 670 894 708 modo
928 682 947 707 a
981 675 1118 708 natura
1157 682 1234 707 non
1275 671 1324 708 sit
1363 669 1549 721 alienum,
1590 681 1635 707 eo

82 738 288 771 contentae
339 742 416 769 non
468 735 662 780 quaerunt
712 728 888 780 amplius.
956 728 1139 767 Civitates
1191 728 1379 778 quaedam
1430 729 1634 766 universae
1652 742 1695 769 ευ)

83 802 191 828 more
224 789 359 828 doctae
398 789 634 839 parsimonia
674 787 938 839 delectantur,
981 793 1023 825 ut
1067 787 1113 825 de
1160 786 1477 825 Lacedaemoniis
1521 786 1635 837 paulo

81 854 170 887 ante
214 847 392 885 diximus.
457 846 664 885 Persarum
709 858 728 884 a
773 845 1031 896 Xenophonte
1082 847 1208 884 victus
1259 847 1486 897 exponitur,
1538 857 1636 895 quos

81 911 196 957 negat
232 906 278 944 ad
317 917 455 956 panem
495 904 677 943 adhibere
724 906 933 956 quicquam
977 910 1132 955 praeter
1177 905 1430 942 nasturcium.
1494 902 1635 948 Quam-

81 976 196 1016 quam
229 966 263 1003 si
295 963 482 1014 quaedam
528 965 644 1002 etiam
689 965 867 1002 suaviora
911 969 1049 1001 natura
1094 962 1307 1014 desideret,
1354 974 1469 1013 quam
1514 961 1634 1000 multa

80 1035 127 1062 ex
166 1029 270 1061 terra
312 1021 597 1073 arboribusque
639 1024 853 1073 gignuntur
894 1034 982 1060 cum
1025 1023 1137 1072 copia
1178 1021 1279 1059 sacili
1321 1027 1405 1059 tum
1447 1022 1636 1059 suavitate

79 1080 310 1133 praestanti!
374 1080 480 1119 Adde
513 1082 746 1132 siccitatem,
786 1092 883 1131 quae
923 1081 1179 1131 consequitur
1217 1080 1316 1117 hanc
1356 1081 1635 1118 continentiam

79 1140 120 1178 in
153 1141 276 1191 victu,
308 1139 405 1178 adde
437 1140 702 1190 integritatem
735 1139 984 1189 valetudinis;
1018 1138 1153 1177 confer
1186 1139 1389 1189 sudantes,
1421 1144 1635 1187 ructantes,

80 1198 248 1237 refertos
279 1198 405 1249 epulis
437 1203 633 1248 tamquam
666 1200 817 1248 opimos
849 1197 985 1236 boves:
1028 1203 1110 1236 tum
1142 1196 1363 1248 intelleges,
1403 1198 1469 1247 qui
1502 1196 1634 1247 volup-

79 1262 198 1295 tatem
237 1258 401 1295 maxime
441 1263 673 1308 sequantur,
719 1268 785 1294 eos
824 1257 984 1294 minime
1024 1257 1230 1306 consequi,
1270 1255 1632 1306 iucunditatemque
1683 1303 1699 1309 -

79 1317 204 1354 victus
249 1327 335 1353 esse
379 1317 418 1352 in
466 1314 678 1366 desiderio,
720 1327 797 1352 non
838 1316 878 1353 in
920 1316 1108 1353 satietate.
1171 1314 1438 1364 Timotheum,
1484 1314 1630 1352 clarum
1649 1301 1705 1341 30

12 1410 14 1412 .
79 1373 278 1412 hominem
314 1373 476 1411 Athenis
520 1378 559 1411 et
601 1374 820 1424 principem
859 1374 1041 1424 civitatis,
1087 1373 1236 1423 serunt,
1281 1384 1370 1411 cum
1416 1353 1704 1411 cenavisset100

79 1432 179 1483 apud
212 1431 412 1470 Platonem
445 1443 569 1482 eoque
603 1433 778 1470 convivio
811 1431 1019 1470 admodum
1059 1430 1276 1469 delectatus
1315 1436 1419 1469 esset
1456 1431 1633 1470 vidisset-

80 1502 156 1542 que
189 1502 279 1529 eum
309 1490 515 1541 postridie,
548 1490 711 1528 dixisse:
750 1487 924 1529 eVestrae
958 1490 1115 1541 quidem
1154 1501 1273 1528 cenae
1312 1502 1390 1527 non
1430 1489 1556 1528 solum
1596 1492 1635 1528 in

79 1551 318 1600 praesentia,
351 1549 419 1587 sed
453 1550 568 1587 etiam
600 1554 759 1599 postero
792 1548 853 1587 die
886 1548 1079 1587 iucundae
1113 1545 1231 1586 sunt.’
1295 1547 1414 1599 Quid,
1448 1548 1551 1599 quod
1587 1561 1634 1587 ne

79 1612 209 1645 mente
243 1607 401 1658 quidem
432 1613 539 1645 recte
572 1608 629 1645 uti
661 1619 869 1658 possumus
897 1606 1018 1646 multo
1052 1606 1139 1645 cibo
1173 1613 1211 1645 et
1242 1608 1400 1657 potione
1435 1604 1635 1658 conpleti‘?

78 1665 149 1704 Est
179 1665 377 1716 praeclara
404 1665 568 1716 epistula
595 1665 766 1705 Platonis
799 1665 845 1704 ad
871 1665 1005 1704 Dionis
1036 1667 1297 1717 propinquos,
1329 1667 1369 1703 in
1402 1677 1477 1716 qua
1511 1667 1632 1717 scrip-

937 1770 977 1801 ut
1002 1767 1198 1810 quidquid,
1231 1779 1256 1801 s.
1284 1779 1311 1801 z.
1338 1767 1389 1801 IV
1418 1771 1479 1809 19,
1505 1771 1560 1801 44.

939 1817 993 1847 99.
1021 1825 1043 1848 α
1071 1814 1327 1858 Xenophonte:
1356 1814 1487 1858 Cyrop.
1516 1814 1531 1848 I
1557 1818 1589 1855 2,
1611 1817 1630 1848 8

126 1767 298 1802 obsonare
331 1767 422 1802 amb.
448 1767 595 1809 samem,
634 1766 667 1800 d.
701 1766 723 1800 i.
757 1767 816 1802 ob-

76 1814 174 1848 sonii
199 1814 273 1848 loco
298 1814 427 1855 famem
451 1814 523 1848 sibi
540 1824 689 1857 parare.

127 1863 181 1895 98.
203 1861 374 1905 philitiis.
426 1859 548 1895 Schon
566 1860 617 1894 im
632 1860 818 1895 Altertum

78 1907 273 1942 schwankl:
289 1907 347 1942 die
361 1906 619 1952 Bezeichnung
638 1907 820 1942 zwisohen

77 1955 221 1998 φιλίτιοι
255 1954 330 1988 und
368 1955 533 2000 φιδίτια,
572 1954 696 1989 indem
733 1966 820 1989 man

77 2001 145 2035 das
188 2001 298 2035 Wort
338 2001 524 2035 entweder
566 2012 639 2036 von
683 2004 818 2044 φιλεῖν,

79 2047 447 2082 ‘freundschaftliche
461 2047 712 2091 Mahlzeiten',
733 2048 821 2083 oder

77 2105 152 2129 von
177 2095 374 2139 φείδομαι,
415 2094 617 2139 ‘sparsame
643 2094 818 2130 Mahlzei-

77 2141 173 2184 ten’,
197 2141 404 2176 herleitete.

126 2187 339 2234 Dionysius.
400 2188 504 2223 Naeh
542 2189 607 2223 der
645 2188 818 2233 gewohn-

78 2234 202 2269 lichen
239 2233 451 2279 Erz'ahlung
489 2237 529 2279 (e.
570 2235 670 2270 Stob.
711 2246 816 2270 serm.

78 2285 141 2325 29,
170 2282 250 2325 100)
276 2281 380 2316 hatte
407 2292 446 2316 er
471 2282 550 2316 sich
577 2281 684 2316 einen
704 2282 816 2318 Lace-

79 2327 340 2363 damonisehen
355 2328 457 2363 Koch
471 2328 626 2373 gekauft
642 2328 717 2363 und
736 2328 817 2364 liess

79 2374 157 2410 sich
188 2386 261 2410 von
292 2375 430 2410 diesem
469 2375 528 2410 die
563 2376 817 2420 spartanisehe

80 2421 204 2466 Suppe
231 2423 302 2466 (ius
319 2423 483 2467 oziyrum,
510 2421 628 2467 ζωμὸς
649 2426 817 2457 Accumu-

78 2464 144 2508 κός
163 2468 252 2503 oder
270 2468 396 2514 μέλας)
416 2469 454 2504 in
475 2469 637 2514 Syrakus
661 2469 816 2505 koehen.

127 2519 255 2560 eaput,
287 2515 352 2549 der
381 2516 575 2560 Hauptteil
608 2517 672 2551 der
696 2516 817 2552 Mahl-

77 2561 165 2605 zeit,
191 2561 261 2597 wie
288 2562 332 2597 de
357 2562 429 2607 leg.
450 2574 527 2608 agr.
547 2563 563 2596 I
585 2567 616 2606 7,
637 2567 679 2598 21
708 2568 817 2609 caput

73 2609 295 2653 patrimonii
325 2610 478 2653 publici.
536 2610 580 2643 de
619 2621 668 2645 or.
707 2611 723 2644 Ι
761 2615 818 2656 29,

80 2659 146 2690 132
173 2660 284 2700 eaput
308 2666 379 2690 esse
404 2657 495 2691 artis
520 2657 649 2691 decere.

125 2702 208 2737 hoc:
230 2703 406 2746 namlich,
437 2702 515 2737 dass
535 2703 594 2738 die
614 2701 732 2738 Nat‘ur
750 2716 819 2738 nur

23 2757 46 2765 ··
78 2750 175 2784 nach
187 2749 453 2795 Befriedigung
473 2750 536 2785 des
551 2749 817 2795 Bedi‘irfnisses‚

79 2795 184 2830 nicht)
218 2797 314 2831 nach
351 2796 466 2831 Glanz
497 2796 572 2831 und
598 2797 818 2842 Mannigfal-

78 2842 218 2886 tigkeit
241 2843 368 2878 strebt.

150 2907 269 2940 Hznm,
293 2908 352 2934 Cic.
368 2909 487 2935 Tuscul.
526 2910 551 2934 2.
571 2909 652 2936 Heft.

892 1859 1072 1903 φέρονται
1098 1859 1139 1895 δὲ
1169 1862 1324 1895 οἴκοθεν
1351 1865 1452 1895 σῖτον
1478 1860 1546 1906 μὲν
1567 1859 1635 1906 ἄρ-

891 1919 970 1950 τον,
1001 1904 1100 1950 ὄψον
1126 1906 1168 1942 δὲ
1196 1905 1400 1951 κάρδαμον.

939 1955 1045 1998 copia
1069 1955 1191 1996 facili,
1218 1966 1244 1990 s.
1267 1958 1285 1996 ξ
1306 1959 1351 1989 94
1373 1960 1555 1999 quaerunt
1580 1959 1634 1990 ta-

892 2012 971 2036 men
996 2012 1147 2045 coptam.

939 2049 1153 2083 siccitatem:
1184 2048 1259 2093 vgl.
1286 2048 1402 2083 Varro
1430 2049 1463 2084 b.
1490 2049 1633 2084 Nonius

892 2094 943 2129 IV
969 2099 1037 2130 426
1067 2096 1200 2130 Persae
1225 2099 1376 2139 propter
1409 2097 1633 2131 exercitatio-

891 2153 954 2176 nes
973 2143 1132 2186 pueriles
1158 2143 1316 2177 modicas
1341 2153 1418 2177 eam
1441 2146 1527 2178 sunt
1552 2154 1633 2178 con·

891 2190 1002 2223 secuti
1027 2190 1186 2233 corporis
1212 2190 1424 2232 siccitatem,
1458 2193 1498 2224 ut
1523 2201 1634 2234 neque

889 2239 1073 2280 spuerent,
1105 2247 1217 2280 neque
1242 2240 1530 2282 emunyerentur,
1556 2237 1632 2280 suf—

889 2284 1017 2326 flatove
1043 2294 1189 2327 corpore
1215 2286 1336 2318 essent.

938 2328 1032 2373 Καρ.
1062 2330 1124 2365 35.
1179 2334 1255 2364 100.
1305 2329 1524 2372 Timotheus,
1569 2331 1634 2365 der

890 2388 963 2411 von
995 2380 1179 2412 377-371
1221 2377 1280 2411 die
1315 2377 1531 2412 Herrsehaft
1569 2378 1633 2412 der

870 2424 1053 2458 ·At-hener
1090 2436 1152 2458 zur
1185 2424 1252 2459 See
1290 2424 1631 2467 wiederherstellte‚

889 2470 982 2505 wird
1008 2471 1062 2506 als
1092 2470 1153 2506 ein
1182 2471 1329 2506 Freund
1359 2471 1632 2506 wissenschaft-

890 2517 1006 2553 licher
1031 2518 1195 2563 Bildung
1223 2518 1448 2552 bezeichnet.
1500 2518 1544 2552 de
1571 2518 1630 2552 off.

889 2565 905 2599 1
932 2568 988 2609 32,
1016 2569 1081 2600 116
1110 2565 1313 2600 Timotheus
1341 2565 1497 2600 Cononis
1520 2566 1630 2607 filius,

890 2613 954 2656 qm·
986 2623 1066 2646 cum
1104 2613 1187 2646 belli
1224 2612 1330 2646 laude
1368 2622 1440 2646 nou
1480 2613 1631 2654 inferior

889 2659 1017 2700 fuisset
1041 2670 1149 2703 quam
1173 2662 1292 2702 pater,
1319 2659 1368 2692 ad
1393 2669 1466 2692 eam
1490 2659 1631 2692 laudem

890 2706 1076 2740 doctrinae
1100 2708 1132 2739 et
1158 2705 1297 2749 inyem'i
1313 2705 1466 2749 gloriam
1487 2705 1629 2739 adiecit.

938 2753 1111 2796 epistula,
1138 2751 1202 2785 der
1227 2751 1391 2785 siebente
1419 2751 1483 2785 der
1508 2751 1631 2786 Plato-

891 2798 1043 2833 nischen
1063 2798 1199 2839 Briefe,
1227 2798 1284 2832 die
1301 2797 1436 2842 jedoch
1458 2798 1631 2832 siimtlich

891 2845 1027 2880 nnecht
1048 2845 1139 2879 sind.
1190 2844 1237 2879 Es
1258 2845 1349 2878 wird
1368 2844 1526 2889 fingiert,
1550 2844 1630 2879 dass

1306 2907 1347 2938 10
