1833 3098
145 367 210 398 121

218 75 302 117 156
351 76 399 111 Μ.
422 74 583 109 TULLII
604 73 857 109 CICERONIS
879 73 1210 109 TUSCULANAR.
1233 73 1484 110 DISPUTAT.
1505 75 1548 111 V.
1571 80 1647 112 121.

216 195 333 235 quem
365 184 411 222 ad
444 183 603 222 modum
635 182 812 221 obtinere
845 184 998 234 possint
1026 183 1101 234 ipsi
1126 182 1306 235 viderint,
1338 183 1434 222 mihi
1458 189 1588 223 tamen
1614 192 1766 236 gratum

215 248 292 293 est,
331 242 435 293 quod
474 242 520 280 de
561 242 794 292 sapientium
832 247 1022 293 perpetua
1060 241 1159 279 hene
1198 241 1351 280 vivendi
1388 242 1570 281 facultate
1608 243 1768 295 dignum

215 300 399 351 quiddam
431 299 754 351 philosophorum
791 312 883 338 voce
916 299 1161 350 profitentur.

335 359 412 397 Sed
445 360 628 409 quoniam
661 370 773 397 mane
807 364 867 397 est
898 358 1086 408 eundum,
1127 357 1195 396 has
1235 360 1407 409 quinque
1447 359 1599 398 dierum
1636 359 1768 412 dispu-

215 418 382 456 tationes
415 418 601 455 memoria
634 412 1010 468 comprehendamus.
1073 415 1264 467 Equidem
1294 429 1355 455 me
1383 419 1499 455 etiam
1526 420 1768 470 conscriptu—

213 488 301 514 rum
340 475 510 514 arbitror
550 497 602 502 ——-
643 474 710 513 ubi
749 477 852 514 enim
890 475 1029 513 melius
1068 477 1126 513 uti
1172 487 1381 526 possumus
1419 475 1493 514 hoc
1531 477 1770 517 cuicuimodi

214 540 273 572 est
311 532 419 572 otio?
452 556 505 561 -—
545 534 591 572 ad
631 533 875 584 Brutumque
915 539 1094 572 nostrum
1135 533 1206 571 hos
1248 533 1368 572 libros
1399 534 1553 573 alteros
1595 536 1768 586 quinque

213 593 426 644 mittemus,
458 605 478 630 a
511 604 588 642 quo
623 605 699 630 non
733 592 847 630 modo
880 592 1024 643 inpulsi
1057 604 1193 631 sumus
1223 592 1267 630 ad
1294 592 1562 643 philosophiae
1590 595 1768 644 scriptio-

212 662 300 702 nes,
352 663 487 689 verum
532 652 648 688 etiam
692 650 872 688 lacessiti.
935 650 976 688 In
1023 662 1100 700 quo
1146 656 1335 701 quantum
1387 652 1528 690 ceteris
1572 652 1769 702 profuturi

213 710 335 747 simus
374 721 452 747 non
497 709 607 747 facile
650 709 832 760 dixerim,
876 710 1021 747 nostris
1063 709 1220 759 quidem
1262 708 1525 748 acerbissimis
1566 709 1768 749 doloribus

212 768 407 818 variisque
448 774 486 806 et
524 767 697 818 undique
738 767 988 805 circumfusis
1028 767 1217 806 molestiis
1256 768 1327 806 alia
1367 767 1471 806 nulla
1502 770 1632 818 potuit
1662 770 1767 807 inve-

211 827 287 863 niri
318 826 469 864 levatio.

258 948 351 980 voce,
381 938 413 971 (1.
441 938 464 973 1.
491 939 677 972 sententia.
730 938 773 971 de
801 948 870 972 am.
901 941 954 980 16,
1070 938 1320 981 philosophiae
1344 938 1567 981 scriptiones.
1605 938 1651 973 So
1676 939 1771 974 wird

211 988 254 1018 59
289 984 457 1029 Neyabat
488 985 602 1019 ullam
632 995 747 1019 vocem
779 984 955 1018 inimicio-

210 1042 282 1065 rem
297 1032 479 1066 amicitiae
490 1032 652 1075 potuisse
670 1032 834 1074 reperiri,
849 1042 956 1075 quam

210 1079 286 1112 eius
319 1079 383 1122 qui
417 1079 583 1120 dixisset,
618 1079 673 1112 ita
704 1088 826 1112 amare
851 1088 955 1122 opor-

209 1128 297 1167 tere,
329 1128 371 1159 ut
401 1126 433 1159 si
464 1125 666 1170 aliquando
698 1128 783 1159 esset
814 1135 953 1159 osurus.

210 1171 254 1206 de
282 1171 340 1207 off.
368 1171 420 1205 III
449 1176 484 1215 1,
515 1176 531 1205 1
558 1172 754 1217 mayniftca
778 1182 860 1206 vero
885 1182 954 1206 voce

210 1222 241 1252 et
266 1229 397 1263 magno
422 1219 501 1253 viro
527 1229 569 1253 ae
593 1219 755 1262 sapiente
780 1219 904 1264 digna.

258 1280 335 1312 121.
370 1278 544 1311 eundum:
581 1276 746 1311 namlich
778 1288 852 1311 von
879 1275 954 1311 ‚der

209 1323 526 1405 {lzzcgilganischen
552 1323 652 1358 Villa
683 1323 721 1357 in
754 1323 812 1358 die
847 1323 955 1358 Stadt

256 1429 331 1471 ubi,
359 1429 393 1464 d.
413 1428 436 1463 i.
463 1440 536 1473 qua
561 1430 602 1463 in
627 1440 674 1463 re.
718 1433 774 1471 35,
797 1432 862 1462 102
890 1429 953 1463 ubi

202 1480 406 1520 paupertas
432 1477 551 1510 beatos
577 1486 647 1510 esse
672 1486 747 1510 non
771 1476 872 1510 sinit.

257 1534 488 1576 cuicuimodi,
515 1545 541 1569 5.
569 1546 596 1568 z.
624 1533 675 1567 HI
703 1537 758 1576 34,
786 1537 839 1567 83.

257 1593 405 1627 alteros:
455 1603 784 1637 vorausgegangen
832 1603 955 1626 waren

210 1639 269 1674 die
306 1639 390 1674 ffinf
424 1640 570 1674 Biicher
614 1640 658 1673 de
696 1639 851 1681 finibus,
896 1638 954 1673 die

212 1686 390 1721 ebenfalls
416 1686 551 1721 Brutus
578 1686 780 1730 gewidmet
806 1685 896 1720 sind.

1029 983 1088 1018 die
1115 983 1230 1018 Stelle
1264 984 1431 1018 zweimal
1455 995 1527 1019 von
1552 984 1694 1020 Nonius
1721 986 1770 1020 61-

1027 1030 1132 1073 tiert,
1159 1031 1235 1064 und
1260 1030 1337 1065 dies
1363 1031 1413 1066 ist
1438 1030 1584 1066 Ciceros
1611 1032 1769 1076 Spraeh-

1027 1077 1231 1122 gebrauch3
1259 1078 1394 1113 ebenso
1414 1082 1630 1123 praecepta,
1662 1079 1771 1114 histo-

1027 1125 1087 1158 ria
1118 1125 1389 1169 philosophiae,
1433 1135 1562 1168 sermo,
1606 1125 1693 1160 libri
1729 1126 1771 1161 de

1020 1172 1264 1215 philosophia.
1314 1172 1508 1217 Wogegen
1538 1172 1604 1206 das
1635 1171 1769 1217 Adjec-

1026 1218 1143 1252 tivum
1164 1219 1400 1262 philosophae
1431 1229 1496 1254 scr.
1532 1218 1620 1253 oder
1648 1219 1770 1263 philo-

1025 1265 1210 1309 sophicae,
1237 1265 1303 1299 das
1324 1265 1403 1300 hier
1422 1265 1482 1299 die
1502 1265 1610 1301 Hdss.
1631 1265 1769 1309 bieten,

1026 1311 1087 1346 bei
1114 1311 1186 1346 Cic.
1213 1312 1318 1345 nicht
1342 1311 1597 1346 nachweisbar
1621 1312 1687 1355 ist3
1722 1313 1770 1347 ad

1027 1358 1150 1400 Quint.
1166 1358 1209 1393 fr.
1226 1358 1275 1392 ΠΙ
1292 1363 1322 1402 1,
1337 1362 1356 1392 5
1378 1369 1419 1393 ea
1438 1359 1539 1401 villa,
1559 1370 1650 1403 quae
1669 1369 1769 1395 nwnc

1026 1408 1086 1448 est,
1104 1408 1287 1449 tamquam
1304 1406 1519 1450 philosopha
1532 1406 1675 1440 videtur
1688 1405 1770 1449 e‘sse,

1026 1463 1117 1496 quae
1161 1453 1322 1496 obiuryet
1364 1456 1561 1487 ceterarum
1599 1453 1771 1488 villarum

1026 1499 1212 1532 insaniam
1243 1498 1399 1533 beweist
1429 1499 1568 1543 niehts,
1610 1499 1657 1533 da
1689 1499 1773 1534 dori,

1022 1546 1239 1589 philosopha
1265 1545 1479 1580 Substantiv
1506 1546 1565 1579 ist.

1075 1593 1247 1634 lacessiti,
1296 1592 1461 1626 insofern
1506 1593 1639 1627 Brutus
1688 1592 1770 1627 eine

1029 1639 1172 1673 Schrifi:
1215 1639 1260 1674 de
1297 1638 1434 1674 virtute
1477 1639 1556 1674 ihm
1594 1638 1772 1674 dediciert

1028 1686 1143 1721 hatte.
1197 1685 1229 1720 S.
1258 1686 1351 1720 Einl.
1380 1689 1398 1728 ἓ
1425 1690 1456 1721 4.

690 1956 970 1999 Verzeichnis
1004 1954 1083 1998 der
1115 1955 1293 2010 Stellen‚

329 2035 376 2059 an
403 2024 569 2059 welchen
595 2036 667 2059 von
694 2025 764 2059 den
790 2025 967 2059 Lesarten
993 2024 1058 2058 der
1084 2023 1457 2059 Baiter-Halmschen
1481 2023 1654 2069 Ausgabe

830 2071 1070 2115 abgewichen
1097 2071 1156 2106 ist.

879 2214 908 2252 I.
942 2215 974 2251 B
990 2229 1015 2252 u
1030 2227 1048 2252 6
1063 2215 1100 2252 11.

327 2284 352 2334 ξ
382 2287 446 2324 10.
479 2289 601 2323 mento
633 2297 822 2323 summa-m
856 2290 997 2332 aquam
1023 2287 1095 2322 eet.
1122 2285 1221 2322 nach
1246 2285 1474 2324 Lachmann
1504 2299 1533 2325 z.
1559 2286 1705 2324 Lucrez
1730 2287 1772 2325 II

208 2358 244 2393 p.
280 2346 375 2382 379.
447 2344 634 2382 Tantalus
677 2344 839 2381 rechnet
882 2344 926 2381 B.
966 2356 1011 2380 zu
1056 2342 1144 2380 dem
1176 2343 1313 2382 Verse.
1375 2347 1440 2383 12.
1480 2344 1581 2393 Quid
1619 2346 1773 2384 tandem

208 2402 375 2440 Hdschr.
409 2423 466 2428 -—-
504 2404 569 2449 (flii
610 2404 771 2440 tandem.
813 2406 892 2439 tum
933 2402 1145 2439 klammert
1185 2402 1229 2440 B.
1269 2403 1341 2441 ein.
1408 2405 1471 2441 13.
1503 2406 1644 2442 mortui
1683 2407 1772 2442 sunt

208 2461 377 2500 Hdsohr.
415 2481 464 2487 ——
498 2463 640 2498 mortui
678 2463 762 2499 sint.
830 2463 895 2499 14.
925 2462 1042 2498 ‘miser
1081 2464 1134 2498 est
1172 2460 1338 2499 Crassus
1369 2461 1537 2500 Hdschr.
1572 2482 1622 2488 —
1656 2464 1772 2501 miser

207 2523 260 2558 est
296 2520 352 2558 M.
389 2519 578 2557 Crassus.

215 2573 433 2630 (declarant
473 2589 608 2616 nomen
651 2572 852 2629 Hdschr.).

208 2636 398 2686 Tregder.

206 2707 419 2733 numerum.

208 2753 282 2791 den
313 2749 515 2806 Hdschr.).

652 2521 716 2557 19.
755 2520 950 2557 declarant
986 2520 1141 2556 nomina
1180 2519 1359 2568 Seyffert.

927 2578 992 2615 20.
1037 2580 1189 2625 neqam't
1231 2590 1308 2616 esse
1350 2577 1529 2627 [verum]
1569 2590 1772 2617 numerum

457 2636 547 2686 Vgl.
575 2636 701 2674 Heine
728 2635 866 2685 Progr.
894 2635 1023 2673 Posen
1053 2637 1162 2674 1862
1190 2650 1226 2685 p.
1251 2638 1304 2675 10
1330 2639 1482 2685 neyavit
1511 2649 1589 2675 esse
1619 2643 1771 2675 ver-mn.-

487 2697 567 2733 suis
599 2696 689 2733 loeis
721 2694 859 2732 Baiter
891 2694 948 2732 ed.
983 2694 1155 2733 Tauchn.

1432 2522 1601 2558 declarat
1635 2532 1772 2559 nomen

1219 2696 1309 2733 locis
1346 2697 1427 2734 suis
1465 2691 1565 2748 (suis
1595 2695 1696 2733 fehlt
1726 2695 1767 2733 in

580 2755 644 2791 22.
679 2757 712 2791 et
750 2755 919 2791 invenire
957 2753 1103 2800 aliquid
1141 2757 1174 2791 et
1210 2756 1426 2792 meminisse
1465 2757 1498 2792 et
1534 2757 1613 2792 tam
1648 2754 1770 2792 multa

208 2813 302 2855 alia,
338 2824 471 2851 amare
502 2813 623 2850 odisse
661 2812 787 2849 Heine
820 2811 957 2850 Jahrb.
990 2811 1016 2849 f.
1050 2811 1191 2849 Philol.
1228 2813 1337 2851 1862
1371 2826 1406 2861 p.
1442 2814 1527 2851 500
1561 2833 1610 2838 —-
1647 2815 1682 2851 et
1710 2813 1768 2851 in-
