1790 3103
261 65 654 103 TUSCULANARUM
681 66 1077 103 DISPUTATIONUM
1106 68 1165 103 111.
1197 72 1344 104 15—18.
1526 69 1578 111 13

30 178 107 218 Sed
145 179 235 229 quia
274 189 345 216 nec
384 179 450 228 qui
488 182 649 229 propter
692 183 840 216 metum
880 177 1118 228 praesidium
1157 178 1333 230 reliquit,
1377 179 1479 229 quod
1520 175 1656 219 est17'

29 237 220 289 ignaviae,
259 248 330 275 nec
371 237 437 287 qui
475 242 636 287 propter
673 237 870 274 avaritiam
903 235 1001 274 clam
1033 234 1255 286 depositum
1288 249 1365 275 non
1398 237 1579 289 reddidit,

29 294 132 348 quod
165 300 226 333 est
256 295 481 347 iniustitiae,
513 307 585 333 nec
618 296 684 345 qui
715 299 878 345 propter
911 295 1171 332 temeritatem
1203 294 1302 332 male
1335 307 1418 334 rem
1448 298 1580 348 gessit,

26 353 132 405 quod
165 358 225 392 est
256 352 460 405 stultitiae,
499 353 600 404 frugi
638 352 823 404 appellari
856 351 972 404 solet,
1011 364 1057 390 eo
1090 358 1171 390 tres
1203 353 1386 404 virtutes,
1425 354 1578 393 fortitu—

26 412 170 463 dinem,
202 412 400 464 iustitiam,
432 411 697 463 prudentiam,
735 410 936 462 frugalitas
975 410 1162 462 conplexa
1202 417 1278 450 est:
1313 433 1367 437 —
1400 414 1473 450 etsi
1506 412 1577 451 hoc

27 470 185 522 quidem
223 481 428 509 commune
470 475 529 509 est
566 471 772 522 virtutum3
815 481 951 508 omnes
995 471 1098 508 enim
1143 470 1246 508 inter
1291 481 1331 508 se
1377 482 1497 508 nexae
1541 478 1579 509 et

27 531 180 580 iugatae
213 534 322 568 sunt:
353 551 410 556 —
443 528 591 580 reliqua
622 530 742 580 igitur
775 533 852 580 est,
884 533 1021 579 quarta
1052 529 1177 566 virtus
1209 534 1252 567 ut
1284 530 1351 580 sit,
1384 530 1465 580 ipsa
1499 531 1578 567 fru-

26 587 174 640 galitas.

236 586 330 626 Eius
364 589 466 626 euim
498 587 652 626 videtur
684 599 770 626 esse
802 588 1006 638 proprium
1039 592 1169 625 motus
1201 588 1319 625 animi
1351 587 1579 638 adpetentes

27 658 165 699 regere
208 651 246 684 et
290 646 426 685 sedare
470 658 703 698 semperque
748 645 1018 684 adversantem
1062 644 1211 683 libidini
1258 645 1496 684 moderatam
1540 647 1578 684 in

27 706 135 744 omni
167 717 209 743 re
243 716 398 743 servare
430 706 704 743 constantiam:
743 706 807 743 cui
839 706 1079 743 contrarium
1112 705 1247 742 vitium
1281 706 1453 755 nequitia
1486 704 1578 743 dici-

25 769 103 802 tur.
154 762 386 815 Frugalitas,
425 769 468 802 ut
500 765 656 815 opinor,
693 775 714 802 a
746 763 876 815 fruge,
915 775 990 813 qua
1023 762 1117 801 nihil
1149 762 1288 801 melius
1321 769 1378 802 est
1410 776 1429 802 e
1463 770 1579 815 terra,
1597 773 1638 803 18

25 823 200 873 nequitia
238 821 285 860 ab
324 834 369 860 eo
404 844 456 849 —
490 824 563 861 etsi
600 823 675 860 erit
712 822 785 860 hoc
825 822 990 860 fortasse
1031 821 1185 874 durius,
1225 821 1292 860 sed
1325 828 1579 874 temptemus;

24 879 166 920 lusisse
198 886 401 933 putemur,
440 882 472 919 si
504 880 599 920 nihil
631 882 682 919 sit
712 902 786 933 —,
825 880 871 919 ab
910 893 974 932 eo,
1014 879 1115 931 quod
1156 882 1415 931 nequicquam
1449 886 1509 919 est
1540 883 1578 919 in

23 939 93 979 tali
123 938 298 978 homine:
341 952 386 978 ex
419 952 495 992 quo
528 940 630 979 idem
664 939 772 978 nihili
804 939 959 978 dicitur

1021 938 1097 984 Qui
1136 940 1185 978 sit
1223 939 1326 991 frugi
1357 941 1477 991 igitur
1510 939 1580 991 vel,

24 999 59 1038 si
90 999 229 1051 mavis,
266 998 490 1038 moderatus
523 1005 562 1038 et
592 1004 832 1051 temperans,
873 1010 962 1037 eum
995 1010 1156 1036 necesse
1190 1000 1249 1036 est
1282 1010 1367 1037 esse
1401 1003 1580 1037 constan-

24 1062 123 1108 tem3
156 1058 224 1108 qui
250 1062 379 1096 autem
407 1061 601 1111 constans,
633 1058 828 1110 quietum;
862 1058 928 1109 qui
955 1058 1124 1108 quietus,
1148 1056 1444 1108 perturbatione
1475 1059 1578 1095 omni

24 1127 208 1154 vacuum:
253 1128 345 1167 ergo
390 1118 504 1155 etiam
550 1115 804 1168 aegritudine.

0 1210 1 1213 ,
25 1175 145 1226 igitur
176 1186 196 1212 a
221 1172 401 1226 'sapiente
435 1175 647 1226 aegritudo.

867 1115 916 1154 Et
958 1123 1050 1154 sunt
1093 1114 1155 1153 illa
1201 1117 1405 1166 sapientis:
1455 1115 1580 1154 aberit

143 1232 276 1283 Itaque
309 1245 386 1271 non
418 1234 557 1272 inscite
589 1233 839 1272 Heracleotes
866 1232 1073 1284 Dionysius
1106 1232 1152 1270 ad
1186 1244 1228 1271 ea
1262 1232 1446 1284 disputat,
1479 1233 1619 1284 quae9

23 1291 125 1343 apud
159 1290 372 1331 Homerum
405 1292 572 1331 Achilles
604 1294 796 1344 queritur,
827 1292 913 1343 hoc,
945 1297 988 1331 ut
1021 1293 1171 1343 opinor,
1203 1291 1336 1330 modo:

73 1464 164 1499 clam
190 1464 406 1509 depositum,
438 1466 552 1500 etwas
579 1465 643 1500 das
670 1465 764 1499 ohne

22 1511 173 1557 Zeugen
203 1512 291 1546 oder
315 1511 613 1557 Versehreibung
639 1523 765 1546 auver-

23 1560 126 1594 trant
150 1558 210 1593 ist.

75 1609 129 1640 17.
155 1615 193 1641 eo
217 1609 288 1640 tres
311 1606 479 1641 viantes:
513 1605 614 1641 Stob.
641 1606 705 1641 881.
732 1605 767 1640 Il

24 1664 61 1698 p.
90 1656 156 1687 112
196 1652 303 1687 Heer.
342 1653 407 1696 τῆς
444 1651 485 1688 δὲ
524 1651 768 1698 σωφροσύνης

25 1701 123 1734 ἴδιον
130 1697 355 1757 κεφάλαιόν
376 1697 453 1734 ἐστι
471 1698 514 1734 τὸ
535 1700 767 1745 παρέχεσθαι

23 1744 90 1786 τὰς
112 1743 242 1801 ὁρμὰς
273 1743 474 1787 εὐσταθεῖς
512 1747 575 1782 καὶ
605 1751 768 1791 θεωρεῖν

24 1790 146 1834 αυτὰς
170 1793 474 1850 προηγουμένως,
506 1792 601 1829 κατὰ
635 1794 676 1830 δὲ
703 1792 768 1830 τὸν

24 1838 204 1896 δεύτερον
236 1839 347 1885 λόγον
378 1838 422 1875 τοὶ
455 1839 527 1876 ὑπὸ
561 1840 626 1881 τὰς
658 1839 768 1882 ἄλλοις

23 1883 163 1944 ἀρετὰς
202 1886 314 1923 ἕνεκα
354 1888 420 1923 τοῦ
453 1885 694 1929 ἀδιαπτώτως
727 1887 767 1924 ἐν

24 1939 109 1975 ταῖς
129 1932 266 1990 ὁρμαῖς
285 1933 601 1991 αναστρέφεσθαι.
624 1957 667 1961 ——-
688 1935 768 1971 Πά-

24 1993 95 2022 σας
120 1979 192 2026 γὰρ
217 1980 282 2022 τὰς
308 1978 443 2024 ἀρετὰς
468 1981 512 2017 τὰ
539 1984 668 2018 πασῶν
689 1983 767 2038 βλέ-

26 2041 111 2064 πειν
150 2028 214 2076 κᾳὶ
251 2027 296 2063 τὰ
336 2027 617 2075 υποτεταγμένα
658 2027 767 2075 ἀλλή-

24 2078 116 2116 λαις.
168 2069 329 2111 1111111181]
368 2077 500 2121 spraeh
539 2078 617 2112 sich
655 2078 767 2112 sehon

25 2122 122 2159 Plat.
144 2123 251 2168 Gorg.
279 2136 314 2168 p.
338 2128 417 2168 507,
443 2136 492 2169 vg
494 2124 517 2159 l
540 2123 612 2160 Cic.
637 2125 681 2160 de
708 2125 766 2160 off.

27 2170 45 2205 1
64 2173 121 2213 28,
145 2174 210 2205 100
237 2181 312 2206 aus,
360 2171 460 2205 Weil
467 2136 562 2206 gaiso
589 2172 683 2206 auch
709 2171 768 2207 (118

25 2218 226 2262 fruyalitas
259 2218 318 2252 die
350 2218 511 2252 anderen
536 2219 613 2254 drei
638 2219 768 2254 Kardi-

22 2265 158 2309 naltug
162 2264 281 2299 enden
311 2264 350 2299 in
383 2265 461 2299 sich
493 2265 596 2308 fafst‚
632 2265 769 2311 folgert

28 2311 115 2356 Cic„
143 2310 222 2346 dass
248 2311 324 2346 dies
350 2312 457 2347 Wort:
482 2312 562 2346 81118
589 2314 767 2357 passende

24 2357 279 2403 Ubersetzung
303 2369 374 2393 von
401 2357 621 2404 σωφροσύνη
647 2360 709 2395 sei.

75 2409 191 2441 motus
216 2407 332 2441 animi
360 2407 477 2451 adpet.
505 2423 548 2435 =
574 2409 767 2451 appetitus,

24 2449 152 2498 ὁρμαί,
179 2452 237 2487 (118
257 2452 471 2498 Begierden.
510 2454 584 2488 Das
603 2454 768 2499 Particip

27 2499 79 2534 ist
102 2500 248 2535 nenti-al
273 2500 487 2544 gebraucht,
513 2501 582 2535 wie
607 2502 657 2536 IV
684 2505 702 2543 ξ
723 2506 767 2536 30

28 2547 121 2582 vitia
144 2550 231 2582 sunt
249 2548 453 2590 affectiones
471 2552 664 2591 manentes,
682 2560 766 2593 per-

27 2594 251 2629 turbationes
277 2615 320 2620 —
346 2598 542 2630 mot-entes.v

74 2642 293 2676 moderatam
302 2662 344 2667 -—
353 2643 603 2686 constantiam,
613 2643 714 2678 ‘Selb
719 2644 766 2677 st-

29 2686 308 2733 beherrschung
332 2689 407 2723 und
432 2689 701 2734 Konsequenz'.

81 2736 135 2769 18.
161 2737 340 2780 nequitia:
373 2736 535 2771 djeselbe
559 2737 767 2782 unrichtige

29 2779 265 2827 Etymologie
284 2783 350 2818 hat
369 2783 463 2818 auch
477 2783 592 2818 Varro
613 2784 656 2819 de
676 2784 766 2828 ling.

31 2826 95 2864 lat.
111 2827 228 2873 Xfip.
243 2832 308 2864 589
336 2828 467 2875 Speng.
494 2834 535 2865 ut
565 2842 607 2866 αϊ
638 2842 710 2866 non
736 2835 768 2866 et

837 1465 914 1499 volo
943 1464 1034 1505 nolo,
1059 1464 1112 1498 sic
1137 1474 1179 1497 ea:
1210 1475 1260 1497 ne
1285 1467 1316 1498 et
1348 1464 1579 1508 quicquam

838 1513 920 1546 item
945 1511 1063 1546 media
1088 1511 1222 1545 eoetrita
1252 1511 1394 1555 syllaba
1419 1515 1579 1545 coactum

838 1562 888 1593 est
917 1569 1112 1603 nequam.
1164 1558 1238 1592 Das
1271 1557 1379 1592 Wort
1409 1557 1460 1592 ist
1491 1557 1579 1593 viel-

839 1605 943 1640 mehr
968 1616 1040 1640 von
1065 1615 1196 1649 nequeo
1221 1604 1458 1640 herzuleiten.

887 1653 932 1687 ab
953 1663 1000 1687 eo.
1034 1651 1109 1686 Das
1123 1651 1330 1687 Pronomen
1343 1651 1435 1686 wird
1455 1653 1580 1697 hiiufig

840 1700 935 1734 nach
961 1699 1026 1733 der
1045 1699 1268 1734 Parenthese
1295 1699 1383 1734 oder
1402 1699 1486 1734 dem
1507 1700 1581 1734 ein-

841 1746 1098 1792 geschobenen
1119 1746 1408 1781 Zwisehensatze
1428 1746 1579 1781 wieder-

840 1794 931 1829 holt.
983 1796 1038 1836 28,
1067 1797 1108 1827 71
1136 1804 1217 1837 erqo
1243 1794 1294 1836 id,
1323 1793 1419 1837 quod
1443 1794 1511 1828 alii
1537 1813 1581 1818 —

839 1842 880 1875 ‹z'd
905 1841 952 1876 hi.
1003 1840 1048 1874 de
1075 1851 1125 1875 or.
1151 1839 1167 1873 I
1194 1843 1249 1882 23,
1278 1844 1344 1874 109
1375 1841 1431 1875 sin
1463 1844 1580 1875 autem

841 1899 899 1930 ea,
931 1898 1022 1932 quae
1053 1888 1237 1922 observata
1268 1891 1354 1922 sunt
1378 1888 1416 1921 in
1443 1898 1513 1922 usu
1538 1899 1582 1923 ac

839 1936 983 1970 ‘ratione
1007 1935 1169 1977 dicendi,
1204 1935 1288 1969 haec
1315 1955 1352 1959 ——
1385 1935 1579 1970 distributa

839 1986 935 2016 sant.

886 2030 1005 2064 nihili.
1050 2028 1153 2063 Varr.
1181 2029 1205 2062 l.
1232 2028 1256 2063 l.
1283 2033 1315 2073 9,
1343 2033 1363 2063 5
1389 2040 1486 2073 quem
1509 2041 1578 2073 pu-

840 2080 958 2111 tamus
989 2086 1060 2110 esse
1090 2086 1163 2111 non
1188 2076 1255 2110 hili
1280 2077 1434 2111 dicimus
1459 2077 1578 2111 veihin.

840 2123 890 2159 ld.
920 2127 958 2166 8,
991 2128 1036 2157 36
1074 2123 1228 2157 dicimus
1265 2124 1357 2157 enim
1392 2124 1450 2157 hic
1480 2124 1581 2158 homo

840 2171 949 2205 nihili
967 2175 999 2205 et
1018 2171 1126 2204 huius
1144 2170 1300 2204 honzim‘s
1318 2170 1438 2204 nihili.
1459 2169 1580 2205 Plaut.

841 2217 919 2253 Cas.
946 2217 979 2251 II
1013 2221 1050 2261 3,
1078 2220 1120 2251 ‘23
1156 2218 1251 2252 unde
1282 2219 1314 2252 is
1343 2217 1479 2252 nihili?
1518 2218 1582 2252 ubi

839 2264 973 2307 fuisti?-

887 2317 918 2346 εἰ
944 2311 1043 2347 steht
1073 2311 1264 2347 bisweilen
1290 2312 1358 2346 wie
1391 2311 1486 2354 hier,
1518 2323 1580 2346 um

841 2359 899 2394 die
930 2359 1135 2404 propositio
1169 2360 1288 2395 minor
1318 2359 1369 2393 im
1402 2358 1580 2404 syllogis-

839 2417 921 2440 mus
947 2406 1196 2449 einzufiihren,
1214 2418 1273 2441 wo
1293 2406 1459 2450 hiiufiger
1478 2407 1582 2450 atqui

840 2454 928 2488 oder
953 2458 1074 2498 atque,
1110 2457 1227 2489 autem
1253 2454 1363 2488 steht.
1415 2453 1450 2487 S.
1471 2453 1502 2486 V
1527 2457 1579 2495 17,

840 2505 883 2535 49
910 2500 962 2534 Et
987 2504 1036 2535 est
1062 2503 1131 2536 cet.
1175 2500 1332 2545 Seyffert
1357 2500 1480 2536 Schol.
1500 2499 1578 2535 Lat.

840 2549 855 2582 I
881 2560 916 2592 p.
940 2551 1016 2582 185.

885 2595 977 2639 Kap.
1011 2595 1049 2629 9.
1100 2594 1327 2630 Heracleotes
1363 2594 1579 2640 Dionysius.

840 2653 866 2676 S.
893 2654 921 2676 z.
949 2642 981 2675 II
1008 2645 1063 2685 25,
1091 2645 1145 2676 60.

885 2690 936 2724 αᾱ
961 2700 1013 2731 ea,
1038 2701 1066 2722 z.
1094 2689 1166 2731 14,
1195 2693 1213 2723 'a‘

885 2737 966 2771 hoc.
991 2739 1032 2770 ut
1056 2737 1205 2779 opinor,
1231 2736 1334 2771 modo
1365 2735 1579 2770 bezeichnet

839 2783 904 2818 das
947 2783 1135 2828 Folgende
1183 2783 1238 2817 als
1284 2782 1427 2817 Ciceros
1472 2782 1578 2826 eigne

839 2829 1102 2874 Ubersetzung.
