1817 3103
224 121 281 161 54
748 122 795 158 Μ.
822 122 985 158 TULLII
1011 122 1262 159 CICERONIS

1809 0 1817 79 ¹1

1814 88 1817 109 ι

1811 141 1817 200 l

1812 212 1817 246 l

221 237 311 281 post
342 236 543 270 trecentos
576 237 615 270 et
647 233 928 283 quinquaginta
955 233 1036 271 fere
1070 245 1191 272 annos
1224 240 1411 273 eventura
1441 241 1609 288 putaret,
1641 241 1680 276 et
1706 249 1817 290 ego
1815 249 1817 263 ²

223 288 390 341 doleam,
430 291 462 329 si
502 289 546 329 ad
587 290 723 329 decem
761 290 865 329 milia
903 303 1095 329 annorum
1127 297 1284 341 gentem
1315 292 1483 343 aliquam
1515 293 1613 333 urbe
1644 301 1780 334 nostro
1812 309 1817 363 1

224 349 436 399 potituram
468 347 631 400 putem?>
674 349 772 394 Quia
799 354 903 388 tanta
931 351 1072 388 caritas
1099 352 1245 400 patriae
1273 356 1343 402 est,
1376 356 1419 389 ut
1446 363 1530 390 eam
1556 365 1635 392 non
1662 365 1781 393 sensu
1810 369 1817 420 ³]

165 429 206 460 91
225 413 372 459 nostro,
405 408 471 446 scd
506 408 628 446 salute
662 409 786 459 ipsius
817 409 1035 446 metiamur.
1087 408 1221 459 Itaque
1255 421 1333 447 non
1366 409 1541 449 deterret
1566 413 1817 462 sapientem

223 478 347 517 mors,
381 479 479 517 quae
511 472 674 518 p1··0pte1
706 468 878 505 incertos
911 479 1024 505 casus
1057 466 1198 505 cotidie
1230 468 1425 519 imminet,
1461 476 1623 520 propter
1656 469 1782 509 brevi

221 530 341 563 tatem
381 526 480 563 vitae
523 537 735 576 numquam
777 531 907 576 potest
947 525 1060 576 longe
1102 524 1256 577 abesse,

1808 433 1817 483 l

1814 490 1817 566 ἰ

1813 568 1817 611 1

1299 538 1375 577 quo
1418 528 1547 566 minus
1587 529 1626 566 in
1665 540 1780 567 omne

222 589 378 634 tempus
410 586 467 621 rei
500 583 678 634 publicae
713 586 873 634 suisque
907 584 1084 623 consulat
1110 590 1176 622 aut
1202 585 1472 636 posteritatem
1498 587 1635 638 ipsam,
1668 588 1817 626 cuius

222 653 381 680 sensum
423 641 630 681 habiturus
670 655 746 680 non
787 644 853 694 sit,
895 642 941 680 ad
982 655 1023 681 se
1064 649 1176 694 putet
1213 645 1423 694 pertinere.

1487 643 1571 689 Qua
1609 656 1651 683 re
1690 645 1782 684 licet
1814 655 1817 663 ⁴

221 701 337 738 ctiam
365 701 569 739 mortalem
597 713 682 739 esse
711 703 881 739 animum
908 701 1145 740 iudicantem
1172 708 1329 740 aeterna
1356 702 1495 753 moliri,
1528 715 1606 741 non
1635 703 1780 754 gloriae
1816 722 1817 725 ¹

221 759 452 811 cupiditate,
491 772 606 810 quam
646 772 835 799 sensurus
874 772 951 798 non
985 762 1051 812 sit,
1090 760 1157 798 sed
1190 762 1366 813 virtutis,
1404 773 1519 811 quam
1557 763 1780 801 necessario

220 816 354 869 gloria,
387 820 502 856 etiam
537 821 568 857 si
602 825 642 857 tu
675 819 712 857 id
747 830 824 857 non
857 830 958 870 agaS,
991 826 1265 869 consequatur.
1816 867 1817 870 Ἴ

338 876 482 915 Natura
526 890 618 915 vero
661 880 698 915 si
737 890 778 915 sc
821 879 875 915 sic
917 877 1050 928 habet,
1095 884 1154 929 ut,
1196 890 1272 928 quo
1315 877 1428 916 modo
1469 880 1626 918 initium
1667 879 1780 919 nobis

219 946 354 973 rerum
396 937 570 974 omnium
612 941 722 974 ortus
762 942 897 975 noster
935 936 1101 985 adferat,
1142 938 1198 974 sic
1241 938 1387 975 exitum
1430 949 1554 989 mors,

1602 944 1645 976 ut
1686 938 1783 978 nihil
1815 938 1817 982 ξ

220 995 413 1043 pertinuit
445 994 489 1032 ad
524 1007 595 1032 nos
629 1000 716 1033 ante
750 1001 894 1046 ortum,
927 996 982 1032 sic
1015 994 1111 1032 nihil
1143 1000 1232 1045 post
1265 1000 1429 1033 mortem
1464 996 1687 1046 pertinebit.
1737 997 1782 1036 In
1815 1016 1817 1033 ι

221 1063 298 1100 quo
332 1053 423 1102 quid
456 1058 587 1102 potest
621 1065 706 1091 esse
739 1053 848 1104 mali,
888 1065 976 1091 cum
1016 1065 1121 1091 mors
1160 1065 1232 1091 nec
1265 1053 1310 1090 ad
1345 1055 1450 1091 vivos
1481 1056 1678 1104 pertineat
1709 1067 1782 1094 nec
1812 1059 1817 1086 Ἰ

160 1118 204 1148 92
221 1110 267 1148 ad
308 1109 514 1149 mortuos?
570 1111 691 1149 Alteri
730 1111 825 1150 nulli
865 1117 972 1163 sunt,
1015 1111 1158 1150 alteros
1197 1123 1275 1150 non
1314 1113 1488 1163 attinget.

219 1168 405 1207 leviorem
445 1170 593 1209 faciunt
632 1172 756 1208 somni
797 1170 1032 1208 simillimam
1071 1170 1205 1208 volunt
1244 1182 1349 1208 esse:

1552 1113 1676 1158 Quam
1715 1115 1783 1165 qui

1396 1172 1508 1221 quasi
1545 1183 1637 1210 vero
1676 1174 1781 1223 quis-

219 1240 335 1278 quam
374 1230 424 1266 ita
465 1230 675 1279 nonaginta
719 1241 841 1267 annos
873 1228 965 1267 velit
1001 1230 1149 1280 vivere,
1187 1234 1248 1281 ut,
1286 1241 1375 1267 cum
1415 1231 1612 1281 sexaginta
1651 1231 1781 1270 conse-

220 1288 335 1338 cerit,
374 1287 548 1338 reliquos
587 1287 770 1339 dormiat,
810 1300 857 1326 ne
898 1289 959 1326 sui
992 1287 1149 1338 quidem
1180 1286 1218 1325 id
1252 1287 1386 1339 velint,
1428 1300 1505 1326 non
1538 1289 1652 1327 modo
1685 1291 1781 1340 ipse.

218 1344 438 1396 Endymion
477 1358 587 1397 ver0,
627 1348 659 1384 si
697 1346 846 1385 fabulas
884 1346 1019 1384 audire
1052 1346 1248 1398 volumus,
1292 1352 1335 1384 ut
1373 1348 1507 1384 nescio
1548 1348 1702 1398 quando
1740 1350 1780 1387 in

218 1402 354 1442 Latmo
389 1404 641 1457 obdormivit,
681 1407 748 1456 qui
782 1411 841 1443 est
874 1417 984 1443 mons
1012 1404 1165 1456 Cariae,
1197 1404 1390 1456 nondum,
1429 1407 1586 1458 opinor,
1625 1412 1685 1445 est
1716 1419 1779 1445 ex-

499 1463 601 1502 Num
634 1465 753 1514 igitur
785 1476 875 1502 cum
915 1475 1054 1501 curare
1095 1476 1252 1514 censes,
1292 1475 1381 1501 cum
1414 1462 1522 1502 Luna
1554 1463 1723 1517 laboret,
1760 1477 1781 1504 a

217 1468 437 1513 perrectus.

217 1564 362 1598 enth'alt
381 1576 449 1598 nur
469 1564 549 1599 61116
570 1565 859 1610 Abschweifung
876 1576 962 1600 vom

215 1610 367 1645 Thema.

264 1659 312 1692 ad
350 1659 465 1692 decem
502 1659 624 1701 milia,
665 1659 736 1693 ‘bis
775 1659 833 1692 zu’
878 1659 960 1694 (1.1.

218 1704 397 1739 ‘binnen'.
455 1706 502 1740 ad
540 1707 615 1740 Att.
656 1705 724 1739 XII
763 1710 806 1739 46
845 1707 962 1740 nescio

215 1752 304 1795 quid
329 1753 489 1794 intersit,
521 1756 644 1787 utrum
670 1754 758 1787 ‘illuc
783 1763 882 1788 nmio
906 1764 961 1787 ve-

213 1799 315 1833 m'am
347 1810 397 1833 cm
435 1800 484 1834 acl
521 1800 637 1834 decem
670 1810 805 1842 annos,·
843 1811 880 1834 so
914 1801 963 1835 ad

215 1857 364 1888 (menum,
391 1846 442 1880 im
468 1846 649 1881 naehsten
675 1846 798 1881 Jahre.
838 1846 882 1881 (16
909 1858 959 1882 or.

214 1892 266 1925 III
292 1897 349 1936 24,
378 1897 419 1927 92
456 1897 497 1927 ut
529 1894 613 1935 tibi,
647 1894 793 1936 Caesar,
825 1894 959 1937 facien-

215 1940 301 1973 dum
327 1944 376 1974 est
402 1941 451 1974 ad
477 1952 624 1975 annum.

260 1997 367 2021 sensu
410 1991 549 2022 nostro.-
591 1987 697 2022 nicht
741 1987 856 2021 durch
901 1988 959 2022 (116

212 2032 335 2068 Dauer
367 2046 516 2068 unsel-es
544 2034 958 2078 Empfindungsvermo—

212 2091 315 2124 gem,
342 2081 500 2115 sondern
527 2082 640 2115 durch
668 2081 732 2115 das
754 2081 867 2115 Wohl
894 2081 958 2115 des

212 2127 458 2162 Vaterlandes
493 2128 609 2163 selbst
640 2127 763 2162 lassen
795 2128 862 2161 wir
894 2140 957 2161 un-

213 2185 292 2208 6616
318 2174 432 2209 Liebe
460 2175 535 2209 und
563 2175 678 2220 Sorge
705 2186 767 2209 um
794 2175 858 2209 das
884 2175 957 2209 Va-

212 2221 359 2255 terland
385 2222 578 2257 bestimmt
604 2223 692 2265 sein,
719 2222 800 2257 d.h.
828 2233 958 2256 unsere

215 2268 329 2312 Sorge
359 2269 541 2304 erstreckt
568 2269 646 2303 sich
672 2269 759 2302 weit
785 2269 875 2303 tiber
900 2269 959 2303 die

213 2315 293 2349 Zeit
328 2314 477 2358 hinaus,
525 2328 581 2351 wo
620 2316 687 2350 wir
725 2316 840 2350 selbst
878 2316 959 2350 eine

213 2361 464 2406 Empfindung
498 2374 569 2397 von
607 2363 690 2397 dem
726 2363 860 2397 Wohle
897 2363 959 2397 des

213 2409 458 2443 Vaterlandes
486 2410 616 2445 haben.

262 2456 353 2500 Kap.
371 2456 434 2491 38.
457 2460 512 2491 91.
544 2458 664 2501 Quare
685 2457 763 2491 licet
784 2457 852 2490 cet.
887 2456 959 2491 Cic.

212 2502 389 2537 beachtet
413 2502 539 2547 nicht,
567 2503 644 2538 dass
671 2515 709 2537 er
736 2503 851 2537 damit
877 2504 960 2537 dem

215 2554 276 2592 14,
309 2554 351 2584 31
386 2552 564 2595 gesagten
596 2549 871 2594 widerspricht,
904 2562 960 2585 wo

213 2609 251 2631 er
287 2596 345 2631 die
374 2597 487 2641 Sorge
525 2598 582 2631 fiir
620 2597 677 2631 die
712 2596 874 2631 Zukunft
906 2598 961 2632 als

212 2643 354 2678 Beweis
372 2644 436 2678 der
451 2644 766 2678 Unsterbliehkeit
781 2644 843 2678 der
857 2643 961 2679 Seele

212 2691 371 2725 anffihrt.

260 2739 300 2772 id
326 2749 397 2772 ‘non
427 2748 534 2781 ayas:
566 2738 638 2782 vgl.
668 2742 723 2781 20,
750 2741 793 2772 45
821 2739 895 2772 nisi
920 2739 959 2772 id

214 2789 310 2828 (ερατ.
346 2784 528 2819 Dasselbe
556 2784 776 2828 allgemeine
803 2784 960 2829 Subjekt

213 2832 305 2865 wird
338 2832 454 2866 durch
487 2831 750 2867 verschiedene
776 2832 959 2867 Personen

214 2878 477 2923 ausgedrfickt.
528 2878 572 2913 de
600 2878 658 2914 off.
685 2879 717 2912 II
746 2883 806 2922 14,
832 2883 876 2912 50
910 2879 960 2913 Id

1035 1575 1114 1599 cum
1134 1565 1382 1608 periculosum
1405 1565 1478 1608 ipsi
1503 1568 1552 1599 est
1578 1568 1653 1600 tum
1671 1566 1778 1601 etiam

1035 1612 1222 1646 sordidum
1247 1631 1293 1636 -—-
1318 1612 1531 1647 committere
1561 1616 1603 1647 ut
1632 1623 1781 1649 accusa—

1035 1662 1091 1693 tor
1115 1659 1307 1693 nominere.

1084 1709 1138 1740 92.
1182 1706 1328 1748 faciunt
1372 1705 1406 1740 d.
1439 1704 1462 1741 i.
1500 1707 1664 1751 fingunt,
1708 1717 1780 1742 esse

1034 1753 1170 1788 volunt.

1082 1800 1198 1834 somni
1240 1800 1471 1835 simillimam.
1535 1799 1665 1834 Schlaf
1704 1800 1780 1835 und

1035 1846 1114 1880 'rod
1134 1845 1281 1880 werden
1301 1846 1496 1891 Zwillinge
1515 1848 1693 1891 genannb,
1717 1847 1779 1882 bei

1033 1893 1140 1927 Hom.
1163 1893 1204 1927 Il
1226 1892 1311 1926 XIV
1332 1897 1398 1927 231
1426 1892 1538 1928 heisst
1563 1893 1627 1928 der
1652 1893 1783 1929 Schlaf

1033 1943 1253 1983 κασίγνητος
1289 1937 1498 1983 θανάτοιο,
1537 1940 1612 1986 vgl.
1651 1940 1694 1976 Il.
1728 1940 1779 1975 XI

1034 1991 1097 2020 241
1164 1984 1368 2030 κοιμήσατο
1430 1984 1588 2031 χάλκεον
1642 1984 1776 2023 ὕπνον.

1033 2033 1178 2068 Ebenso
1212 2034 1335 2068 stellte
1367 2033 1426 2068 die
1453 2033 1631 2072 bildende
1656 2034 1778 2069 Kunst',

1032 2080 1139 2115 beide
1166 2080 1220 2114 als
1246 2081 1386 2114 Β111(161·
1415 2081 1491 2115 dar.

1080 2129 1186 2171 quasa·
1216 2138 1306 2162 vero.
1358 2127 1446 2161 Dass
1479 2128 1542 2161 der
1574 2128 1654 2162 Tod
1691 2128 1775 2163 dem

1035 2174 1182 2208 Schlafe
1208 2174 1356 2208 1111111611
1391 2173 1469 2208 sein
1496 2174 1581 2218 soll,
1614 2174 1776 2210 mindert

1034 2222 1098 2255 das
1115 2220 1376 2255 Schreckliche
1391 2221 1454 2255 des
1467 2220 1637 2256 'rotseins
1659 2222 1775 2268 nicht,

1032 2268 1132 2302 wohl
1168 2268 1256 2302 aber
1290 2268 1386 2312 folgt
1421 2279 1484 2302 aus
1519 2267 1640 2302 dieser
1673 2261 1775 2303 lihn-

1032 2315 1206 2357 lichkeit,
1240 2313 1319 2348 dass
1351 2315 1410 2349 (116
1443 2315 1562 2349 Το1;611
1592 2314 1681 2350 116111
1706 2314 1776 2350 Ge—

1032 2362 1113 2396 111111
1137 2361 1270 2396 haben.

1080 2420 1123 2443 we
1149 2410 1208 2443 sui
1233 2409 1385 2453 quidem.
1432 2408 1553 2443 Selbst
1573 2408 1632 2443 die
1652 2409 1774 2454 Ange-

1033 2456 1201 2499 horigen,
1218 2455 1277 2490 die
1298 2456 1392 2489 doch
1412 2454 1664 2500 naturgemars
1684 2455 1776 2490 iiber

1034 2503 1105 2537 den
1131 2501 1317 2537 Todesfall
1343 2505 1508 2546 trauern,
1534 2502 1686 2537 wiirden
1710 2501 1775 2537 lie·

1033 2551 1099 2584 ber
1125 2549 1194 2583 den
1221 2549 1301 2584 Tod
1327 2548 1382 2584 als
1409 2549 1515 2583 einen
1541 2548 1774 2595 dreissigja'th-

1034 2597 1139 2641 rigen
1154 2596 1284 2630 Schlaf
1299 2597 1397 2630 ihres
1413 2595 1660 2630 Verwandben
1673 2599 1775 2630 1171111-

1035 2645 1166 2686 schen,
1211 2643 1374 2678 obschon
1415 2643 1529 2677 ihnen
1572 2643 1667 2678 doch
1711 2642 1775 2677 der

1032 2691 1162 2725 Schlaf
1192 2690 1249 2725 die
1275 2689 1521 2734 Moglichkeit.
1551 2690 1662 2733 gabe,
1696 2689 1774 2724 sich

1031 2737 1171 2781 taglich
1186 2738 1276 2771 iiber
1289 2737 1360 2771 den
1374 2735 1534 2771 Anblick
1548 2736 1611 2770 des
1623 2736 1780 2782 Ihrigen,

1033 2796 1076 2818 zu
1101 2784 1238 2819 freuen.

1081 2831 1195 2865 Luna
1220 2831 1366 2872 laboret,
1393 2829 1458 2864 der
1483 2829 1549 2864 auf
1571 2829 1774 2865 ramischer

1033 2877 1394 2922 Volksanschauung
1437 2877 1646 2912 beruhende
1680 2877 1774 2911 Aus-
