1790 3103
145 65 229 106 102
667 65 715 101 Μ.
743 65 902 100 TULLII
928 64 1180 100 CICERONIS

143 176 312 226 cognitio
345 187 487 213 nomen
527 187 663 214 eorum
704 175 750 214 ad
789 187 964 214 errorem
998 174 1149 213 fabulae
1182 175 1429 214 traduxisset.
1493 176 1523 214 Α
1556 175 1698 227 quibus

143 234 251 271 ducti
282 232 467 285 deinceps
499 229 659 285 omnes,
700 236 767 285 qui
803 235 842 272 in
881 245 1014 272 rerum
1054 233 1381 284 contemplatione
1420 234 1548 273 studia
1579 247 1697 286 pone-

142 292 246 343 bant,
280 293 475 342 sapientes
503 299 540 331 et
566 292 811 331 habebantur
839 298 877 331 et
903 291 1216 343 nominabantur,
1248 291 1367 342 idque
1393 304 1530 331 eorum
1556 305 1699 332 nomen

142 362 268 400 usque
307 350 353 388 ad
392 350 632 402 Pythagorae
672 352 840 389 manavit
878 355 1062 401 aetatem,
1109 362 1243 401 quem,
1287 356 1331 388 ut
1371 350 1507 390 scribit
1545 351 1699 390 auditor

143 408 314 448 Platonis
341 409 526 448 Ponticus
554 409 792 460 Heraclides,
819 410 876 447 vir
902 408 1041 447 doctus
1068 409 1107 446 in
1135 410 1283 460 primis,
1315 408 1537 448 Phliuntem
1565 409 1698 449 serunt

143 468 293 506 venisse
321 479 490 518 eumque
517 480 606 506 cum
633 468 793 519 Leonte,
825 468 1001 518 principe
1029 466 1302 518 Phliasiorum,
1334 467 1447 506 docte
1475 473 1514 506 et
1539 469 1697 519 copiose

141 525 374 565 disseruisse
415 526 614 576 quaedam.
678 526 798 564 Cuius
837 527 1037 576 ingenium
1075 531 1114 563 et
1153 525 1415 576 eloquentiam
1454 538 1543 565 cum
1579 526 1697 565 admi-

143 591 249 622 ratus
282 590 386 623 esset
417 584 542 635 Leon,
582 585 819 634 quaesivisse
860 596 906 621 ex
939 596 1003 636 eo,
1042 596 1117 634 qua
1150 585 1314 622 maxime
1348 589 1430 623 arte
1464 584 1697 637 confideret3

141 648 178 681 at
221 643 329 680 illum
374 648 499 681 artem
537 643 694 693 quidem
735 654 775 680 se
815 643 916 680 scire
958 642 1120 693 nullam,
1166 642 1234 680 sed
1279 654 1365 681 esse
1409 642 1697 695 philosophum.

105 698 382 739 9Admiratum
416 700 602 740 Leontem
636 702 847 739 novitatem
879 701 1047 739 nominis
1081 702 1340 753 quaesivisse,
1373 703 1531 752 quinam
1563 708 1696 741 essent

139 759 360 810 philosophi
402 766 440 798 et
482 759 574 810 quid
617 761 719 798 inter
760 772 827 798 eos
870 765 909 798 et
950 759 1123 810 reliquos
1166 760 1392 811 interesset3
1436 759 1694 812 Pythagoram

139 824 269 856 autem
303 818 553 869 respondisse
587 818 752 856 similem
785 817 859 856 sibi
885 818 1008 856 videri
1035 819 1149 856 vitam
1183 818 1384 856 hominum
1412 825 1450 857 et
1478 825 1695 858 mercatum

139 888 245 927 eum,
291 878 357 926 qui
402 877 614 915 haberetur
659 889 840 915 maxumo
886 876 1067 914 ludorum
1112 876 1298 927 adparatu
1344 879 1463 916 totius
1509 877 1694 916 Graeciae

139 934 377 973 celebritate.
445 935 541 973 Nam
586 942 629 973 ut
672 935 750 973 illic
796 935 860 972 alii
904 934 1136 985 corporibus
1181 937 1404 974 exercitatis
1452 936 1614 986 gloriam
1658 942 1697 975 et

138 993 380 1031 nobilitatem
414 1006 580 1031 coronae
614 999 814 1044 peterent,
853 992 916 1031 alii
949 993 1102 1031 emendi
1135 999 1201 1031 aut
1234 993 1425 1032 vendendi
1458 1001 1624 1044 quaestu
1657 1000 1696 1033 et

136 1051 246 1089 lucro
286 1051 544 1103 ducerentur,
583 1058 687 1090 esset
725 1058 855 1090 autem
895 1050 1090 1101 quoddam
1128 1063 1252 1102 genus
1293 1064 1447 1104 eorum,
1486 1053 1603 1103 idque
1636 1052 1697 1091 vel

136 1111 301 1148 maxime
335 1111 568 1161 ingenuum,
608 1112 675 1160 qui
713 1122 785 1148 nec
824 1109 1004 1160 plausum
1044 1122 1115 1148 nec
1147 1109 1300 1149 lucrum
1335 1118 1588 1163 quaererent,
1627 1111 1696 1150 sed

136 1168 285 1207 visendi
323 1181 439 1207 causa
477 1170 657 1207 venirent
695 1169 949 1219 studioseque
987 1170 1259 1219 perspicerent
1298 1169 1390 1220 quid
1431 1176 1614 1220 ageretur
1656 1175 1695 1209 et

136 1239 213 1277 quo
247 1227 379 1279 modo,
418 1229 513 1265 item
551 1240 621 1266 nos
662 1228 773 1278 quasi
813 1229 851 1265 in
891 1234 1087 1266 mercatus
1121 1227 1314 1278 quandam
1347 1227 1615 1267 celebritatem
1648 1241 1695 1268 ex

137 1285 233 1323 urbe
273 1285 419 1337 aliqua,
458 1287 513 1324 sic
552 1288 592 1324 in
631 1285 730 1324 hanc
770 1287 885 1324 vitam
927 1298 972 1323 ex
1013 1285 1084 1324 alia
1116 1288 1193 1324 vita
1231 1292 1269 1325 et
1307 1292 1447 1326 natura
1483 1287 1695 1340 profectos,
1788 1290 1790 1326 l

135 1343 230 1382 alios
257 1344 402 1394 gloriae
431 1346 590 1396 servire,
618 1344 712 1382 alios
739 1346 948 1395 pecuniae3
982 1356 1091 1382 raros
1119 1357 1204 1383 esse
1232 1344 1431 1397 quosdam,
1459 1347 1526 1396 qui
1552 1347 1694 1385 ceteris
1789 1334 1790 1355 ¹

135 1402 316 1441 omnibus
358 1415 428 1453 pro
471 1403 591 1442 nihilo
633 1402 774 1441 habitis
816 1415 950 1441 rerum
990 1409 1168 1441 naturam
1210 1403 1383 1442 studiose
1425 1405 1692 1457 intuerentur3

134 1461 205 1499 hos
238 1473 279 1499 sc
312 1461 505 1512 appellare
540 1463 751 1512 sapientiae
785 1461 998 1512 studiosos,
1039 1461 1075 1499 id
1116 1467 1176 1499 est
1207 1463 1312 1500 enim
1343 1461 1616 1515 philosophos,
1656 1468 1694 1502 et

135 1526 179 1557 ut
209 1519 287 1558 illie
317 1519 633 1558 liberalissimum
667 1526 771 1558 esset
802 1525 980 1570 spectare
1014 1520 1109 1558 nihil
1142 1519 1215 1558 sibi
1248 1520 1536 1572 adquirentem,
1565 1523 1621 1560 sic
1652 1523 1693 1560 in

136 1579 210 1616 vita
242 1578 355 1629 longe
389 1578 570 1617 omnibus
603 1578 742 1616 studiis
782 1577 1149 1629 contemplationem
1182 1590 1317 1617 rerum
1349 1581 1691 1631 cognitionemque

78 1661 120 1691 10
137 1642 346 1687 praestare.
402 1637 482 1675 Nec
509 1649 600 1675 vero
628 1636 866 1688 Pythagoras
894 1639 1063 1675 nominis
1090 1637 1215 1676 solum
1241 1638 1432 1688 inventor,
1465 1638 1532 1677 sed
1560 1650 1694 1678 rerum

136 1697 251 1734 ctiam
291 1697 464 1746 ipsarum
507 1695 761 1747 amplificator
803 1696 886 1734 suit.
952 1695 1027 1741 Qui
1070 1707 1159 1734 cum
1201 1701 1290 1746 post
1333 1695 1438 1735 hunc
1478 1696 1694 1736 Phliasium

133 1766 356 1792 sermonem
383 1756 422 1793 in
448 1754 596 1793 Italiam
624 1756 806 1806 venisset,
838 1756 1040 1793 exornavit
1068 1766 1153 1793 eam
1179 1754 1393 1804 Graeciam,
1426 1767 1525 1805 quae
1554 1767 1693 1806 magna

999 1925 1173 1960 Graeciae
1198 1926 1409 1969 celebritate,
1436 1925 1469 1961 d.
1486 1925 1508 1960 i.
1537 1925 1692 1962 Graecia

180 1939 202 1961 a
228 1927 358 1971 quibus
385 1927 496 1968 ducti,
522 1926 618 1961 nach
645 1925 763 1961 ihrem
784 1925 876 1960 Vor-

951 1973 1158 2015 celebrante,
1184 1974 1390 2017 confluente.

135 1984 266 2018 gange.

184 2021 396 2056 Heraclides
416 2031 480 2054 aus
501 2019 687 2054 Heraklea
706 2030 766 2054 am
784 2019 877 2053 Pon-

136 2070 207 2109 tus,
235 2066 370 2101 schloss
398 2067 476 2101 sich
503 2067 597 2101 nach
624 2067 749 2101 Platos
778 2066 878 2100 Tode

137 2115 208 2149 den
226 2114 506 2158 Pythagoriiern
526 2124 583 2147 an.
623 2114 672 2147 Er
691 2113 756 2147 hat
775 2113 879 2147 mehr

135 2161 368 2204 historische‚
395 2159 686 2204 grammatische
706 2171 739 2194 u.
762 2161 879 2194 astro-

135 2208 342 2249 nomisehe,
381 2207 434 2241 als
474 2207 675 2251 eigentlich
713 2206 876 2251 philoso-

136 2255 290 2299 phisehe
316 2254 453 2288 Werke
479 2254 733 2299 geschrieben.

180 2312 343 2345 eamque,
403 2301 468 2334 der
516 2300 754 2335 relativische
803 2301 876 2334 An-

134 2348 270 2382 schluss
318 2348 368 2382 ist
411 2347 526 2382 fallen
569 2348 757 2392 gelassen,
808 2347 876 2382 wie

133 2399 152 2437 ἓ
182 2400 222 2430 17
250 2394 325 2429 und
351 2398 406 2428 38.

181 2454 252 2486 qua
279 2442 433 2476 maaeime
459 2445 536 2475 arte
561 2442 771 2483 confideret,
798 2441 831 2476 d.
853 2441 877 2476 i.

133 2491 238 2524 cuius
282 2489 373 2523 artis
421 2488 608 2522 scientiam
648 2489 876 2531 potissimum

128 2537 370 2581 profiteretur.

183 2587 213 2618 9.
247 2583 441 2617 novitatem
472 2581 649 2616 nominis:
683 2581 757 2615 Das
790 2581 875 2616 Pra-

134 2630 240 2664 dikat
296 2626 412 2672 σοφός
469 2628 593 2663 wollte
645 2628 876 2672 Pythagoras

133 2676 228 2710 bloss
255 2675 345 2710 Gott
370 2675 604 2719 zugestehen.
648 2674 717 2709 Die
744 2675 876 2709 Volks-

134 2723 287 2767 sprache
324 2722 502 2756 brauehte
536 2722 655 2756 neben
691 2719 806 2766 σοφός
839 2721 877 2755 in

134 2770 270 2804 alteret
296 2769 376 2802 Zeit
411 2769 504 2803 ohne
540 2769 640 2803 allen
676 2768 877 2803 tadelnden

134 2815 349 2850 Nebensinn
376 2812 562 2859 σοφιστής.

998 2031 1041 2054 eat·
1067 2021 1143 2054 alia
1164 2021 1251 2063 vita,
1278 2020 1359 2054 eine
1380 2020 1610 2065 Anspielung
1629 2019 1695 2055 auf

951 2065 1191 2110 Pythagoras'
1230 2067 1348 2101 Lehre
1385 2077 1458 2101 von
1503 2067 1566 2101 der
1602 2066 1692 2102 Pr‘a-

952 2113 1111 2147 existenz
1137 2113 1202 2147 der
1228 2113 1331 2148 Seele
1361 2113 1436 2147 und
1462 2112 1693 2148 Seelenwan-

952 2160 1102 2204 derung.

998 2207 1038 2241 id
1063 2211 1111 2241 est
1138 2207 1243 2249 enim,
1271 2219 1298 2242 s.
1325 2219 1353 2242 z,
1382 2207 1433 2241 III
1459 2210 1515 2250 27,
1541 2211 1596 2242 65.

996 2254 1048 2288 sic
1073 2255 1114 2288 in
1139 2255 1215 2288 vita
1236 2274 1279 2278 --
1299 2254 1630 2298 contemplationem
1646 2274 1690 2278 —

946 2304 1150 2345 praestare,
1189 2300 1269 2335 eine
1307 2300 1481 2345 Ansicht,
1522 2300 1582 2335 die
1618 2312 1693 2336 von

950 2347 1021 2382 den
1056 2347 1312 2392 griechischen
1342 2346 1596 2392 Philosophen
1629 2359 1693 2382 na-

949 2394 1128 2429 mentlich
1166 2394 1222 2429 bis
1260 2394 1326 2428 auf
1353 2394 1571 2430 Aristoteles
1609 2405 1691 2429 ver-

948 2443 1070 2476 *ει-01011
1097 2441 1161 2485 ist,
1188 2452 1261 2476 von
1287 2441 1359 2476 Cic.
1387 2442 1474 2476 aber
1498 2440 1603 2476 nicht
1627 2452 1689 2486 ge-

948 2489 1032 2523 tent
1058 2488 1165 2531 wird,
1192 2488 1257 2522 der
1282 2488 1327 2523 de
1354 2488 1412 2523 off.
1440 2488 1455 2521 I
1482 2499 1511 2524 c.
1532 2491 1576 2522 43
1598 2488 1621 2522 f.
1648 2500 1691 2522 zu

948 2535 1133 2570 beweisen
1153 2535 1270 2578 sucht,
1291 2534 1369 2569 dass
1394 2535 1459 2570 das
1479 2534 1690 2579 praktische

949 2582 1074 2616 Leben
1105 2593 1169 2617 vor
1201 2581 1285 2616 dem
1316 2582 1592 2628 theoretischen
1618 2581 1688 2616 den

949 2629 1098 2673 Vorzug
1122 2628 1308 2663 verdiene.
1332 2649 1376 2654 —
1402 2629 1502 2664 Uber
1526 2629 1690 2664 omnibus

949 2677 1081 2710 studiis
1114 2675 1173 2709 fiir
1203 2676 1369 2711 omnibus
1394 2676 1480 2711 aliis
1503 2676 1636 2710 studiis
1661 2687 1688 2711 s.

949 2735 975 2758 z.
1005 2722 1055 2757 IV
1081 2726 1112 2765 5,
1140 2726 1171 2756 9.

997 2769 1088 2813 Kap.
1111 2769 1149 2807 4.
1203 2773 1255 2803 10.
1291 2780 1429 2812 rerum,
1462 2769 1527 2804 das
1560 2768 1692 2804 Gebiet

949 2816 1013 2850 der
1038 2815 1289 2860 Philosophie.
