1817 3103
192 103 249 144 94
714 103 762 136 M.
791 102 951 137 TULLII
980 102 1233 137 CICERONIS
1797 99 1817 140 ἵ

192 218 360 264 putaret.
423 211 534 257 Quod
568 224 659 263 ergo
694 218 732 251 et
763 211 984 263 postulatur
1017 224 1036 249 a
1070 211 1236 250 sortibus
1269 217 1308 250 et
1339 211 1539 264 laudatur,
1572 224 1660 251 cum
1697 213 1751 265 fit,

193 271 229 309 id
270 277 336 309 aut
375 272 632 309 extimescere
664 272 824 309 veniens
865 276 932 309 aut
972 282 1047 308 non
1091 270 1195 307 serre
1233 282 1419 320 praesens
1461 282 1589 309 nonne
1631 276 1749 322 turpe

193 327 280 368 est?
336 329 481 380 Atquin
514 329 599 367 vide
632 341 698 381 ne,
730 341 818 367 cum
849 340 983 367 omnes
1011 333 1140 366 rectae
1168 329 1287 366 animi
1313 327 1552 367 adfectiones
1580 330 1748 368 virtutes
1787 366 1790 371 ⁴

194 387 457 439 appellentur,
505 399 582 425 non
625 388 675 425 sit
715 387 788 425 hoc
829 388 1034 437 proprium
1078 398 1218 424 nomen
1261 387 1452 437 omnium,
1494 387 1561 425 sed
1603 386 1650 425 ab
1696 399 1758 440 ea,
1788 398 1817 441 Δς

194 458 293 497 quae
328 458 402 484 una
434 447 577 484 ceteris
609 445 839 498 excellebat,
877 457 1012 483 omnes
1044 445 1263 482 nominatae
1296 446 1385 482 sint.
1447 445 1645 496 Appellata
1683 452 1754 485 est
1815 465 1817 467 ·

195 506 299 543 enim
326 517 372 542 ex
400 505 482 542 viro
510 505 652 555 virtus3
686 505 757 542 viri
784 509 914 542 autem
939 504 1098 554 propria
1125 504 1290 540 maxime
1318 508 1378 541 est
1403 503 1609 556 fortitudo,
1637 506 1751 543 cuius

195 575 357 601 munera
390 562 466 601 (luo
499 567 592 600 sunt
623 563 804 600 maxima:
836 563 974 600 mortis
1000 561 1224 612 dolorisque
1251 563 1501 613 contemptio.
1551 561 1748 601 Utendum

195 627 255 659 est
285 622 405 671 igitur
437 620 516 672 his,
552 621 585 658 si
615 621 769 659 virtutis
796 625 996 672 compotes
1030 620 1087 658 vel
1119 621 1250 670 potius
1283 621 1316 657 si
1348 621 1420 658 viri
1447 619 1625 659 volumus
1653 632 1752 673 esse,

196 681 379 730 quoniam
411 691 430 717 a
464 680 557 716 viris
584 680 708 717 virtus
736 691 877 717 nomen
911 684 971 717 est
1004 683 1188 717 mutuata.
1252 677 1427 723 Quaeres
1459 678 1642 731 sortasse,
1674 691 1752 730 quo

198 738 330 788 modo,
363 742 401 776 et
433 742 559 776 recte:
591 737 707 776 talem
740 739 844 776 enim
877 736 1108 775 medicinam
1140 736 1384 787 philosophia
1416 737 1636 788 profitetur.

315 795 429 834 Venit
460 795 673 848 Epicurus,
712 796 827 834 homo
866 796 1025 834 minime
1065 795 1189 833 malus
1222 795 1279 833 vel
1312 797 1441 846 potius
1474 797 1531 833 vir
1563 797 1753 847 optimus;

198 860 347 893 tantum
399 860 548 905 monet,
601 860 788 905 quantum
840 854 1041 905 intellegit.
1105 850 1304 904 ‘Neglege'
1356 855 1483 905 inquit
1533 850 1752 892 ‘dolorem'

196 913 292 959 Quis
332 913 404 951 hoc
443 910 566 951 dicit?
628 912 732 951 Idem
772 915 839 964 qui
877 912 1051 951 dolorem
1092 924 1288 950 summum
1329 912 1482 950 malum.
1546 912 1613 950 Vix
1659 914 1752 951 satis
1805 914 1817 957 ll

194 976 432 1010 constanter.
495 971 717 1010 Audiamus.
782 968 838 1009 <Si
890 982 1067 1009 summus
1112 970 1222 1008 dolor
1264 967 1351 1022 est',
1393 972 1537 1022 iuquit,
1577 968 1751 1010 ‘brevem
1802 966 1817 1013 Ti*

197 1043 356 1069 necesse
389 1034 449 1067 est
481 1026 597 1068 esse.'
1816 1031 1817 1043 ¹

128 769 179 809 19

136 819 181 850 44

1799 733 1812 914 l

764 1089 973 1127 Iteradum
1007 1089 1145 1125 eadem
1179 1089 1256 1125 ista
1288 1088 1406 1125 milei!

194 1170 271 1196 uon
320 1159 424 1196 enim
470 1158 562 1196 satis
607 1157 790 1208 intellego
829 1158 921 1208 quid
962 1169 1160 1195 summum
1198 1156 1303 1195 dicas
1344 1168 1448 1208 esse,
1493 1157 1586 1207 quid
1629 1157 1758 1196 breve.
1816 1153 1817 1195 ἶ

196 1214 417 1255 ‘Summum
451 1228 528 1266 quo
569 1216 664 1254 nihil
697 1218 748 1254 sit
779 1218 980 1268 superiuS,
1020 1215 1137 1253 breve
1177 1228 1254 1266 quo
1294 1214 1390 1253 nihil
1427 1214 1596 1254 brevius.
1659 1215 1757 1254 Con-

195 1283 326 1314 temno
365 1274 673 1325 magnitudinem
714 1274 876 1326 doloris,
916 1288 935 1312 a
975 1287 1050 1325 qua
1090 1286 1151 1312 me
1191 1273 1361 1312 brevitas
1406 1275 1594 1323 temporis
1635 1273 1756 1313 vindi-

195 1333 297 1372 cabit
329 1339 417 1371 ante
450 1345 574 1383 paene
608 1345 724 1384 quam
757 1330 935 1372 venerit.'
999 1332 1075 1370 Sed
1115 1334 1147 1370 si
1187 1338 1246 1370 est
1278 1338 1409 1370 tantus
1441 1332 1552 1370 dolor
1585 1338 1757 1383 quantus

194 1390 465 1431 Philoctetae?
527 1388 646 1430 ‘Bene
680 1391 792 1442 plane
820 1404 984 1442 magnus
1011 1390 1105 1429 mihi
1135 1391 1293 1441 quidem
1321 1390 1491 1442 videtur,
1525 1391 1593 1429 sed
1627 1397 1757 1429 tamen

196 1463 274 1489 non
300 1462 499 1502 summus3
526 1450 622 1488 nihil
648 1452 753 1488 euim
780 1450 883 1489 dolet
911 1452 986 1489 nisi
1012 1461 1099 1500 pes:
1133 1455 1298 1500 possunt
1324 1449 1445 1501 oculi,
1469 1455 1602 1500 potest
1627 1455 1758 1502 caput,

194 1509 332 1561 latera,
363 1509 588 1561 pulmones,
620 1514 787 1560 possunt
818 1510 964 1548 omnia:
1006 1508 1119 1558 longe
1152 1509 1271 1557 igitur
1304 1506 1414 1546 abest
1445 1519 1466 1546 a
1499 1520 1653 1546 summo
1686 1507 1753 1546 do-

195 1565 306 1606 lore?
369 1564 504 1618 ‘Ergo'
547 1568 675 1618 inquit
719 1564 845 1606 ‘dolor
886 1567 1098 1606 diuturnus
1141 1565 1256 1604 habet
1300 1565 1467 1605 laetitiae
1511 1566 1599 1618 plus
1641 1578 1757 1617 quam

243 1684 298 1716 43.
329 1679 433 1724 Quod
458 1691 549 1724 erqo.
602 1680 669 1714 Die
690 1679 804 1714 Stelle
830 1681 940 1723 zeugt
1013 1678 1077 1713 der
1103 1678 1193 1712 Vers
1221 1679 1262 1721 (s.
1289 1678 1403 1714 Acad.
1441 1679 1473 1713 ΙΙ
1507 1682 1569 1723 27,
1603 1680 1661 1722 88)
1693 1689 1760 1724 aye

200 1738 268 1762 von
304 1726 450 1762 Ciceros
482 1727 794 1771 Nachlassigkeit.
844 1727 940 1770 quod

198 1773 291 1808 muss
329 1786 416 1808 man
454 1774 521 1808 auf
554 1775 748 1809 toleranter
785 1774 939 1808 dolorem

190 1822 276 1866 pati
300 1821 493 1864 beziehen,
529 1821 738 1866 gessii-clatet
770 1820 938 1865 dagegen

196 1868 289 1902 wird
315 1868 380 1902 der
406 1868 613 1903 Schmerz
639 1868 765 1903 selbst.

244 1915 404 1959 Atquin:
424 1915 586 1950 dieselbe
602 1914 708 1950 Form
728 1914 843 1949 findet
862 1914 939 1949 sich

199 1962 293 1997 auch
325 1962 419 1996 Phil.
447 1962 479 1996 X
505 1966 544 2006 8,
573 1966 613 1996 17
653 1963 795 2006 Atquin
831 1962 941 1997 huius

199 2010 372 2044 animum.

246 2059 361 2090 rectae
404 2057 618 2099 affectiones.
682 2055 749 2090 Die
794 2054 942 2089 Stoiker

200 2103 398 2137 definieren
425 2103 482 2137 die
509 2103 664 2147 Tugend
690 2103 744 2136 als
770 2100 942 2141 διάθεσις

199 2151 263 2193 τῆς
290 2150 412 2194 ψυχῆς
437 2147 734 2194 ὁμολογουμένη,
766 2160 840 2183 was
867 2147 940 2182 Cic.

199 2197 278 2231 hier
303 2197 418 2231 durch
444 2200 559 2231 rectae
585 2197 701 2231 animi
727 2196 942 2239 affectiones,

203 2243 374 2288 ‘richtige
411 2243 819 2288 Seelenstimmungen’,
858 2242 943 2277 wie-

201 2290 379 2335 clergiebt.

248 2337 454 2379 eoecellebat,
486 2337 648 2372 namlich
680 2349 723 2371 zu
756 2336 821 2372 der
853 2335 944 2376 Zeit.

201 2384 256 2418 als
289 2385 410 2418 zuerst
441 2384 506 2418 der
532 2384 648 2418 Name
675 2383 831 2429 Tugend
864 2383 943 2418 auf-

201 2431 299 2465 kam.

249 2477 341 2522 Kap.
371 2476 434 2513 19.
477 2481 532 2511 44.
553 2479 610 2512 vir
628 2479 799 2522 optimus,
819 2477 945 2521 haufig

202 2524 271 2559 mit
307 2524 426 2559 Ironie
472 2525 552 2559 ‘der
590 2525 718 2566 brave,
758 2524 846 2559 aber
883 2524 944 2558 be-

203 2571 400 2606 schr'ankte
433 2571 572 2615 Mann',
608 2571 676 2606 wie
708 2575 727 2612 ξ
759 2574 804 2605 45
837 2572 946 2606 bonos

203 2620 308 2653 viros.
363 2622 399 2662 1,
443 2622 462 2652 2
509 2629 554 2653 ne
596 2619 812 2663 quibusdam
855 2619 946 2652 virts

203 2666 316 2701 bonis.

250 2715 392 2748 tantum
420 2733 460 2737 ——
488 2716 681 2756 quantum:
722 2712 804 2746 ‘nur
839 2712 945 2746 eben-

205 2760 322 2795 soviel
347 2760 430 2794 als’.
483 2759 518 2795 S.
544 2772 572 2794 z.
600 2759 615 2792 I
643 2763 703 2802 13,
729 2763 785 2793 29.

254 2807 449 2841 iteradum:
475 2817 539 2841 aus
567 2806 631 2840 der
650 2806 769 2841 Iliona
794 2806 858 2840 des
878 2806 944 2839 Pa-

207 2854 343 2889 cuvius.
391 2853 515 2888 Etwas
536 2853 802 2898 vollst‘andiger
824 2853 945 2887 lautet

1014 1726 1136 1760 adsta:
1163 1736 1267 1759 mane
1291 1726 1401 1760 addi:
1430 1726 1609 1760 iteradum
1636 1726 1758 1761 eadem

1013 1774 1122 1807 istaec
1141 1773 1240 1807 mihi.
1290 1773 1376 1807 dum
1396 1772 1488 1806 wird
1512 1773 1549 1807 in
1570 1773 1635 1807 der
1655 1773 1758 1807 alten

1014 1819 1176 1864 Sprache
1202 1819 1328 1864 haufig
1361 1830 1408 1854 an
1440 1819 1664 1864 Imperative
1690 1820 1760 1854 wie

1014 1867 1183 1910 ayedum,
1208 1867 1380 1901 adesdum
1399 1867 1581 1911 gehttngt,
1607 1878 1668 1900 zur
1687 1865 1758 1900 Be·
1814 1855 1817 1878 ³

1015 1914 1238 1957 zeichnung,
1265 1912 1345 1948 dass
1366 1913 1425 1948 die
1445 1913 1644 1958 Handlung
1665 1912 1760 1957 jetzt

1014 1960 1137 2005 gleich
1161 1960 1371 2004 geschehen
1396 1960 1481 2002 sol];
1509 1960 1644 1995 ebenso
1666 1959 1757 1994 wird

1014 2007 1065 2051 im
1074 2006 1338 2041 Grieehischen
1350 2004 1396 2051 δή
1409 2007 1623 2051 gebraucht.
1647 2007 1758 2042 istaec

1015 2054 1138 2088 wtirde
1153 2053 1218 2087 der
1227 2053 1316 2088 Vers
1330 2053 1489 2096 fordern,
1504 2053 1592 2088 aber
1603 2053 1758 2096 uberali,

1015 2112 1072 2136 wo
1087 2100 1160 2135 Cic.
1183 2100 1242 2134 die
1264 2100 1582 2144 sprichwortliche
1597 2100 1758 2136 Redens-

1016 2149 1073 2182 art,
1099 2147 1237 2190 citiert,
1270 2147 1371 2181 steht
1395 2148 1477 2181 ista.
1812 2146 1814 2152 '

1064 2194 1161 2229 Bene
1175 2194 1359 2229 verstiirkt:
1379 2193 1444 2228 das
1466 2204 1628 2238 maanus.
1655 2193 1758 2229 Verr.

1018 2242 1049 2275 lI
1078 2246 1139 2283 70,
1170 2245 1236 2276 169
1276 2242 1360 2275 bene
1391 2241 1540 2285 penitus
1577 2241 1619 2275 in
1654 2241 1762 2276 istius

1017 2289 1306 2331 familiaritatem
1324 2299 1395 2323 sese
1412 2288 1519 2323 dedit.
1550 2287 1639 2323 Bell.
1654 2286 1760 2332 Hisp.

1018 2339 1062 2370 25
1089 2336 1205 2370 nostri
1235 2346 1278 2370 ex
1314 2335 1444 2370 humili
1480 2335 1640 2369 convalle
1676 2335 1761 2369 bene

1018 2384 1120 2427 Ionae
1161 2385 1247 2416 sunt
1289 2383 1426 2426 egressi.
1488 2381 1633 2416 Ebenso
1677 2381 1762 2416 bene

1018 2441 1131 2464 mane.
1171 2430 1308 2473 plane
1332 2429 1430 2463 steht
1448 2428 1487 2462 in
1506 2428 1760 2463 koneessivem
1811 2435 1812 2438 ’

1020 2477 1131 2510 Sinne
1147 2475 1379 2520 ‘allerdings’
1400 2475 1469 2510 wie
1489 2475 1584 2518 bene,
1603 2475 1758 2509 omnino.

1019 2523 1051 2557 Il
1077 2527 1095 2565 ξ
1123 2527 1165 2557 15
1197 2524 1298 2557 video
1323 2523 1456 2567 plane,
1495 2523 1556 2556 sed
1584 2522 1670 2565 plus
1702 2523 1758 2556 de-

1017 2571 1153 2611 sidero,
1191 2581 1218 2604 s.
1244 2568 1457 2614 Nipperdey
1488 2581 1515 2603 z.
1548 2568 1632 2603 Tac.
1665 2569 1758 2604 Ann.

1067 2665 1169 2698 dolor
1182 2664 1381 2698 diuturnus
1388 2677 1398 2696 :
1413 2662 1519 2707 Diog.
1536 2661 1565 2695 X
1583 2665 1649 2696 140
1663 2659 1706 2696 αἱ
1716 2660 1758 2696 δὲ

1020 2709 1258 2754 πολυχρόνιοι
1300 2710 1374 2744 τῶν
1417 2706 1632 2753 οἷρᾇστιῶν
1675 2711 1759 2743 πλε-

1019 2755 1154 2800 ονάζον
1187 2756 1311 2801 ἔχουσι
1346 2754 1386 2791 τὸ
1421 2752 1609 2800 ἡδόμενον
1642 2752 1682 2790 ε”ν
1714 2755 1759 2799 τῇ

1018 2804 1126 2847 σαρκὶ
1152 2802 1245 2848 ἥπερ
1266 2801 1306 2838 τὸ
1328 2801 1476 2847 ἀλγοῦν.
1529 2803 1612 2848 Vgl.
1634 2803 1678 2838 de
1698 2802 1759 2836 fin.

1017 2852 1032 2885 Ι
1061 2856 1120 2894 15,
1148 2856 1202 2887 49.
