1817 3103
16 1050 29 1113 -ΕΊῊ

311 86 707 122 TUSCULANARUM
734 85 1132 121 DISPUTATIONUM
1162 88 1184 122 I.
1212 91 1362 123 21—25.
1563 87 1615 128 17

64 198 220 237 viderit:
268 208 366 247 quae
410 194 743 251 ivergfflnillinia,
791 206 926 245 magna
968 196 1144 245 quaestio
1186 202 1255 233 est.
1320 197 1456 235 L’trum
1500 200 1617 248 igitur

62 258 166 295 inter
197 255 266 293 has
299 255 515 293 sententias
547 253 760 292 diiudicare
794 253 985 292 malumus
1025 266 1071 291 an
1105 253 1151 291 ad
1185 256 1428 303 propositum
1462 254 1618 296 redire?

64 315 108 353 A.
140 313 333 365 Cuperem
366 312 547 363 equidem
581 317 806 363 utrumque,
839 313 871 350 si
904 317 1047 362 posset,
1080 311 1147 349 sed
1181 316 1241 349 est
1273 312 1429 350 difficile
1457 316 1616 353 consun-

63 373 168 412 dere.
231 371 314 417 Qua
354 383 395 409 ro
434 373 484 423 si,
528 376 572 409 ut
608 372 680 408 ista
719 382 796 408 non
835 369 1096 421 disserantur,
1140 369 1297 408 liberari
1336 373 1473 409 mortis
1513 380 1616 411 nictu

63 442 290 483 possumus,
328 430 364 467 id
405 441 583 481 agamus3
621 430 680 467 sin
720 429 756 466 id
796 441 872 466 non
906 434 1036 479 potest
1068 430 1142 466 nisi
1174 428 1245 466 hac
1279 431 1507 479 quaestione
1541 433 1619 468 ani-

64 500 216 527 morum
249 488 450 540 explicata,
482 500 599 538 nunc,
631 488 663 525 si
690 486 855 539 videtur,
887 487 973 538 hoc7
1005 486 1099 525 illud
1132 487 1235 525 alias.
1287 488 1341 526 M.
1370 487 1481 532 Quod
1509 489 1619 526 malle

64 553 102 586 te
134 546 330 598 intellego,
362 546 399 584 id
432 552 527 598 puto
561 557 645 583 esse
680 545 940 597 commodius3
974 546 1117 584 officiet
1149 547 1252 584 enim
1286 547 1383 602 ratio
1418 552 1471 598 ut,
1505 558 1620 597 quae-

66 617 234 656 cumque
275 617 364 643 vera
409 606 459 643 sit
506 616 639 642 earum
688 606 990 656 sententiarum,
1037 616 1133 655 quas
1176 604 1355 657 exposui,
1404 617 1508 643 mors
1556 611 1622 644 aut

66 664 208 703 malum
242 675 318 702 non
351 665 401 701 sit
433 669 500 701 aut
531 664 581 701 sit
613 662 758 701 bonum
791 664 933 713 potius.
996 663 1092 701 Nam
1125 664 1157 701 si
1184 675 1252 701 cor
1278 669 1344 702 aut
1371 666 1528 714 sanguis
1555 669 1679 704 aut24

65 722 271 761 cerebrum
311 727 370 760 est
407 723 577 774 animus,
616 727 741 773 certe,
790 723 973 772 quoniam
1013 727 1073 760 cst
1111 734 1272 773 corpus,
1318 722 1493 761 interibit
1532 735 1621 761 cum

66 780 218 831 reliquo
251 792 434 831 corpore3
473 781 506 818 si
538 781 663 818 anima
697 785 773 832 est,
812 781 978 818 sortasse
1018 779 1288 832 dissipabitur3
1327 783 1359 819 si
1398 782 1516 832 ignis,
1559 794 1621 819 ex-

68 840 308 890 stinguetur3
350 839 381 876 si
421 843 480 877 est
511 838 733 876 Aristoxeni
773 838 992 890 harmonia,
1031 838 1275 878 dissolvetur.
1339 839 1439 885 Quid
1480 840 1526 878 de
1560 840 1620 878 Di-

68 897 256 937 caearcho
283 897 421 948 (licam,
454 898 519 947 qui
553 896 648 935 nihil
681 899 838 935 omnino
871 898 1042 936 animum
1076 898 1178 936 dieat
1210 895 1325 936 esse?
1364 897 1433 936 His
1466 904 1622 937 senten-

68 956 131 995 tiis
173 954 355 994 omnibus
396 955 490 993 nihil
533 961 621 1006 post
661 961 827 994 mortem
869 957 1068 1006 pertinere
1110 956 1156 995 ad
1199 968 1434 1007 quemquam
1475 963 1622 1008 potest3

68 1015 214 1066 pariter
247 1015 351 1052 enim
384 1026 473 1052 cum
506 1015 582 1052 vita
614 1026 754 1053 sensus
787 1016 995 1066 amittitur3
1029 1027 1105 1053 non
1140 1016 1344 1054 sentientis
1371 1021 1500 1054 autem
1529 1015 1624 1054 nihil

68 1078 128 1112 est
166 1072 283 1111 ullam
321 1074 358 1111 in
398 1078 548 1123 partem
588 1073 689 1123 quod
729 1075 894 1112 intersit.
957 1073 1214 1124 Reliquorum
1259 1076 1476 1113 sententiae
1515 1086 1623 1126 spem

68 1131 261 1183 adserunt,
295 1133 326 1169 si
360 1136 396 1169 to
430 1131 503 1169 hoc
537 1132 635 1169 sorte
669 1131 848 1182 delectat,
880 1144 995 1183 posse
1028 1133 1189 1184 animos,
1222 1145 1310 1171 cum
1345 1145 1364 1171 e
1392 1132 1624 1184 corporibus

69 1191 322 1241 excesserint,
354 1191 393 1227 in
426 1189 575 1228 caelum
609 1192 719 1240 quasi
752 1192 791 1229 in
824 1190 1061 1229 domicilium
1089 1202 1203 1229 suum
1229 1192 1446 1241 pervenire.
1493 1193 1537 1230 Α.
1564 1191 1624 1229 Μ5

68 1260 159 1287 vero
192 1247 376 1300 delectat,
414 1248 531 1298 idque
563 1249 734 1299 primum
766 1250 819 1287 ita
851 1261 938 1288 esse
971 1248 1102 1300 veliin,
1135 1249 1294 1300 deinde,
1333 1251 1448 1288 etiam
1482 1252 1515 1288 si
1547 1261 1624 1288 non

69 1308 131 1359 sit,
163 1306 258 1345 mihi
290 1307 519 1358 persuaderi
551 1312 681 1345 tamen
713 1307 838 1346 velim.
901 1309 956 1346 M.
991 1307 1091 1353 Quid
1125 1307 1195 1346 tibi
1227 1320 1320 1358 ergo
1348 1320 1466 1359 opera
1492 1314 1625 1347 nostra

72 1377 171 1416 opus
204 1363 292 1404 est?
329 1377 422 1404 num
461 1365 685 1416 eloquentia
716 1365 916 1405 Platonem
956 1378 1143 1417 superare
1181 1364 1420 1417 possumus?
1484 1366 1625 1405 Evolve

71 1423 278 1474 dssigenter
311 1425 396 1462 eius
429 1436 519 1462 eum
550 1423 712 1476 librum,
751 1426 818 1475 qui
857 1431 916 1464 est
954 1425 1000 1463 de
1039 1426 1184 1463 animo:
1223 1425 1389 1476 amplius
1427 1426 1530 1476 quod
1563 1425 1626 1464 de-

71 1482 221 1521 sideres
254 1482 349 1520 nihil
382 1483 467 1521 erit.
529 1483 573 1520 A.
614 1482 703 1521 Feci
747 1495 809 1522 me
853 1483 1013 1522 hercule
1059 1490 1097 1522 ct
1142 1483 1299 1534 quidem
1341 1486 1514 1536 saepius3
1559 1484 1626 1523 sed

71 1542 204 1579 nescio
232 1553 309 1591 quo
336 1541 463 1593 modo,
495 1540 587 1580 dum
614 1541 711 1594 lego,
744 1542 955 1595 adsentior,
985 1555 1073 1581 cum
1099 1544 1213 1593 posui
1238 1542 1381 1581 librum
1409 1548 1448 1581 et
1473 1555 1627 1582 mecum
1649 1504 1670 1684 ὁ

72 1600 155 1650 ipse
188 1599 236 1638 de
268 1599 545 1638 inmortalitate
579 1601 798 1639 animorum
831 1603 942 1652 coepi
975 1602 1158 1653 cogitare,
1192 1601 1372 1640 adsensio
1407 1603 1534 1640 omnis
1565 1601 1628 1640 illa

71 1657 250 1696 elabitur.
313 1659 367 1696 M.
407 1657 506 1703 Quid
545 1656 648 1697 hoc?
691 1658 810 1698 (lasne
849 1666 915 1698 aut
953 1672 1110 1698 manere
1149 1660 1298 1698 animos
1335 1666 1425 1710 post
1462 1666 1628 1699 mortem

71 1723 138 1755 aut
182 1722 306 1755 morte
351 1718 433 1767 ipsa
476 1715 667 1755 interire?
734 1718 779 1756 Α.
819 1718 873 1756 Do
918 1730 1022 1757 vero.
1091 1719 1146 1756 M.
1179 1717 1298 1769 Quid,
1343 1719 1376 1756 si
1419 1715 1628 1757 maneant?
1644 1728 1686 1759 25

70 1776 115 1813 Α.
142 1774 282 1813 Beatos
315 1787 400 1813 esse
433 1775 617 1814 concedo.
674 1776 728 1815 M.
758 1776 824 1815 Sin
858 1774 1083 1816 intereant?
1144 1778 1190 1815 Α.
1217 1776 1301 1815 Non
1335 1788 1421 1816 esse
1449 1778 1627 1829 miseros,

73 1834 254 1884 quoniam
293 1846 342 1872 ne
381 1835 459 1872 sint
496 1834 673 1886 quide1n3
710 1837 783 1873 iam
823 1837 925 1874 istuc
966 1837 1089 1874 coacti
1128 1847 1147 1873 a
1188 1841 1224 1874 te
1263 1834 1378 1886 paulo
1417 1841 1505 1874 ante
1539 1848 1628 1874 con-

1684 1634 1700 1651 c

119 1946 152 1981 si
177 1949 298 1990 posset
329 1946 442 1981 niiml.
468 1947 565 1989 fieri,
597 1947 647 1981 IV
676 1950 736 1991 18,
770 1950 812 1981 41

75 1993 115 2028 id
133 2003 208 2028 non
221 1996 348 2037 potest.
388 1992 435 2028 ad
449 1993 536 2028 fam.
552 1994 567 2026 I
584 1998 614 2037 7,
631 1999 649 2028 7
667 1995 816 2029 Poterat

75 2043 263 2084 utrumque
282 2041 483 2084 praeclare.
529 2041 573 2075 de
600 2041 672 2076 div.
699 2041 732 2076 II
759 2046 815 2085 51,

76 2091 142 2122 106
175 2090 213 2121 at
248 2087 289 2122 id
325 2098 461 2131 quoque
492 2091 626 2132 potest,
665 2092 706 2123 ut
742 2099 816 2123 non

75 2134 171 2177 dent,
196 2134 344 2176 homini,
369 2135 443 2178 ipsi
467 2135 631 2170 habeant.

123 2181 342 2223 confundere
356 2198 399 2209 =
415 2183 638 2226 coniunyere.
684 2181 729 2217 de
755 2182 814 2217 off.

76 2228 110 2262 II
134 2232 166 2272 3,
195 2231 238 2262 10
269 2228 372 2263 Haec
402 2229 477 2263 tria
510 2239 640 2273 ρεπεν-α
665 2230 816 2272 confusa

76 2275 290 2319 coyitatione
327 2276 570 2319 distinquunt.
621 2275 665 2310 de
697 2276 758 2310 fin.
786 2277 817 2310 V

77 2325 140 2365 23,
172 2325 215 2356 67
248 2325 354 2366 atque
384 2322 470 2357 haee
500 2323 705 2357 coniunctio
736 2334 816 2358 con-

77 2368 241 2412 fusioque
271 2370 465 2412 virtutum,
497 2372 615 2404 tamen
647 2381 670 2404 a
695 2371 815 2414 philo-

77 2415 197 2460 sophis
212 2416 354 2450 ratione
384 2416 542 2460 quadam
565 2417 818 2461 distinquitar.

125 2462 253 2506 efficiet
284 2463 396 2505 ratio,
434 2463 530 2498 ‘eine
562 2464 818 2499 methodisehe

78 2509 331 2554 Betraehtung
356 2509 449 2544 wird
474 2510 678 2545 erweisen’.

126 2559 182 2591 24.
218 2556 314 2601 Quid
351 2557 393 2591 de
424 2557 649 2592 Dicaearcho
684 2558 820 2593 dicam.-

80 2603 170 2638 Was
195 2602 257 2637 ioh
281 2603 372 2638 iiber
391 2603 572 2638 Dicaarch
599 2615 711 2649 sagen
739 2605 820 2649 soll,

81 2648 182 2684 weiss
213 2649 275 2685 ioh
305 2650 419 2685 nicht.
469 2651 517 2685 Es
547 2651 598 2686 ist
629 2652 708 2687 also
740 2652 820 2687 hier

82 2696 186 2731 nicht
219 2696 277 2732 die
315 2697 544 2732 rhetorische
575 2698 721 2733 Formel
756 2699 821 2734 der

84 2742 305 2789 Steigerung
324 2745 413 2788 quid
432 2746 551 2780 dicam
574 2746 628 2789 de,
654 2757 731 2781 was
751 2746 821 2781 soll

82 2789 143 2824 ich
167 2790 333 2826 vollends
359 2791 517 2826 daru'ber
542 2803 665 2837 Sagen.

129 2837 285 2881 pariter,
316 2838 396 2873 hier
427 2839 610 2884 temporal
637 2838 821 2875 aufzufas-

156 2901 279 2934 men,
300 2902 361 2928 Cic.
382 2904 502 2930 Tuscul.

890 1958 964 1982 sen.
1015 1948 1060 1982 de
1087 1948 1145 1983 off.
1173 1949 1204 1982 ΙΙ
1234 1952 1288 1991 13,
1314 1951 1358 1982 45
1385 1949 1467 1983 laus
1488 1950 1631 1993 pariter

889 2006 968 2030 cum
1004 2006 1043 2029 re
1074 1996 1225 2039 publica
1262 1996 1399 2030 cecidit.
1454 1996 1499 2030 de
1538 1997 1630 2030 orat.

888 2043 939 2076 ΙΙΙ
971 2046 1009 2085 3,
1043 2045 1085 2076 10
1123 2043 1256 2077 vixisse
1293 2053 1372 2077 cum
1410 2053 1447 2077 re
1477 2043 1631 2087 publica

883 2089 1027 2132 pariter
1052 2093 1084 2123 et
1109 2101 1189 2123 cum
1214 2090 1281 2124 illa
1313 2090 1421 2124 simul
1452 2091 1632 2124 extinctus

888 2146 959 2170 esse
983 2137 1161 2170 videatur.

934 2183 1048 2217 ullam
1073 2184 1115 2217 in
1135 2186 1295 2227 partem,
1326 2182 1365 2216 in
1390 2182 1522 2229 irgend
1547 2183 1632 2218 wel-

890 2229 976 2264 cher
1002 2229 1224 2274 Beziehung.

935 2277 1043 2320 quasi
1079 2277 1120 2311 in
1157 2277 1398 2312 domicilium:
1436 2276 1511 2311 Der
1541 2277 1634 2311 Aus-

891 2323 1006 2358 druck
1033 2323 1167 2358 beruhl:
1192 2323 1258 2358 auf
1280 2323 1345 2358 der
1370 2323 1634 2358 Platonisehen

890 2369 1142 2415 Vorstellung,
1169 2370 1249 2405 dass
1275 2370 1335 2404 die
1355 2370 1634 2406 mensehlichen

892 2416 1022 2452 Seelen
1068 2417 1327 2462 urspriinglich
1374 2418 1425 2452 im
1472 2417 1633 2452 Himmel

890 2464 1018 2508 gelebt
1043 2465 1165 2499 haben
1196 2465 1271 2498 und
1297 2464 1394 2499 nach
1421 2465 1504 2499 dem
1531 2464 1633 2499 Tode

892 2511 1053 2555 dorthin,
1081 2511 1136 2546 als
1161 2511 1200 2545 in
1225 2511 1305 2546 ihre
1332 2512 1455 2546 wahre
1470 2510 1633 2555 Heimat,

891 2558 1181 2593 zuriickkehren.

939 2606 982 2640 de
1006 2606 1140 2647 animo,
1166 2606 1237 2640 den
1262 2605 1402 2641 Phiido.

940 2656 995 2687 25.
1025 2653 1122 2697 Quid
1147 2652 1237 2687 hoc?
1290 2652 1387 2686 ‘Wie
1419 2651 1468 2686 ist
1500 2652 1565 2686 das
1591 2663 1634 2685 zu

892 2699 1127 2734 verstehen?’
1175 2699 1242 2733 Die
1268 2699 1415 2734 Formel
1441 2698 1544 2732 ffihrt
1575 2697 1633 2732 die

892 2746 1162 2791 Widerlegung
1205 2746 1270 2780 der
1307 2745 1636 2788 vorhergehenden

892 2793 1142 2837 Behanptung
1167 2792 1243 2834 ein,
1276 2792 1344 2826 wie
1370 2792 1458 2836 quid
1482 2791 1562 2826 ita?
1599 2791 1634 2826 S.

894 2840 1049 2884 Seyffert
1075 2839 1196 2874 Schol.
1224 2840 1303 2873 Lat.
1331 2838 1346 2872 Ι
1375 2851 1411 2883 p.
1439 2842 1494 2874 92.

1333 2902 1352 2932 2

1688 1488 1817 1617 wll<

1716 1645 1817 1915 {ll
