1790 3103
273 96 666 132 TUSCULANARUM
692 97 1091 133 DISPUTATIONUM
1117 98 1177 132 IV.
1205 103 1354 135 80--84,
1530 99 1587 140 95

18 206 181 246 ¹malum
214 207 337 244 maius
370 212 439 245 est.
502 207 587 245 Etsi
625 208 726 245 enim
759 208 886 244 omnis
925 208 1042 245 animi
1081 208 1323 257 perturbatio
1363 211 1489 260 gravis
1527 216 1587 247 cst

36 276 110 304 nec
142 264 308 303 multum
340 264 470 303 differt
502 265 548 303 ab
582 266 766 316 amentia,
800 270 927 303 tamen
954 270 1124 316 ceteros,
1157 278 1245 304 cum
1274 274 1365 306 suut
1394 269 1431 306 in
1460 267 1586 318 aliqua

32 322 329 375 perturbatione
373 329 439 361 aut
483 328 610 362 metus
655 330 720 362 aut
764 323 932 361 laetitiae
977 328 1044 361 aut
1087 323 1329 376 cupiditatis,
1370 331 1585 364 commotos

31 380 147 420 modo
180 386 219 419 et
249 380 499 431 perturbatos
538 381 668 420 dicere
707 381 896 432 solemus,
941 386 979 419 at
1023 393 1108 432 eos,
1153 383 1219 431 qui
1264 394 1304 420 se
1352 385 1582 433 aegritudini

32 439 284 489 dediderunt,
316 441 481 478 miseros
513 439 708 490 adflictos,
739 451 993 477 aerumnosos
1021 439 1278 478 calamitosos.
1341 440 1473 491 Itaque
1507 450 1644 480 n01183

32 497 194 536 fortuito
229 497 372 536 factum
400 498 570 549 videtur,
604 497 671 536 sed
704 509 724 535 a
757 503 793 535 te
828 498 977 535 ratione
1009 499 1274 549 propositum,
1307 504 1350 536 ut
1376 501 1583 550 separatim

32 555 79 594 de
113 555 354 606 aegritudine
389 562 427 594 et
460 556 506 594 de
540 557 681 594 ceteris
713 554 1076 606 perturbationibus
1118 555 1426 608 disputaremus;
1464 559 1502 595 in
1542 570 1585 595 ea

33 619 93 653 est
125 615 228 652 enim
262 614 347 652 sons
379 615 626 653 miseriarum
664 618 703 652 et
740 619 867 664 caput.
931 614 1006 651 Sed
1047 619 1086 651 et
1127 615 1383 665 aegritudinis
1423 621 1460 653 et
1498 615 1585 653 reli-

33 684 201 723 quorum
235 674 352 710 animi
384 672 610 710 morborum
651 683 727 710 una
767 673 914 710 sanatio
955 677 1032 723 est,
1071 683 1206 711 omnes
1245 673 1460 723 opinabiles
1500 685 1586 712 esse

34 735 74 769 et
105 730 344 769 voluntarios
377 742 420 768 ea
453 742 574 780 reque
613 731 777 781 suscipi,
823 730 925 780 quod
971 732 1022 769 ita
1068 737 1218 769 rectum
1264 744 1350 770 esse
1396 731 1584 770 videatur.

31 788 145 827 Hunc
179 800 354 827 errorem
381 790 492 838 quasi
518 788 688 826 radicem
716 788 908 827 malorum
935 790 1109 827 omnium
1137 790 1315 841 stirpitus
1341 790 1583 841 philosophia

30 859 72 885 se
106 851 366 885 extracturam
393 846 610 897 pollicetur.
672 846 817 885 Demus
843 848 962 897 igitur
989 860 1061 885 nos
1087 847 1177 886 huic
1205 848 1439 886 excolendos
1464 850 1581 899 patia—
1599 855 1645 887 84

30 917 198 956 murque
231 916 302 943 nos
335 906 474 943 sanari.
536 904 604 943 His
637 906 741 943 enim
774 904 884 943 malis
915 905 1178 945 insidentibus
1211 918 1289 944 non
1321 906 1435 944 modo
1469 906 1584 958 beati,

33 963 102 1002 sed
134 975 182 1001 ne
215 964 299 1001 sani
326 963 483 1013 quidem
511 975 596 1002 esse
623 975 845 1014 possumus.
907 964 984 1003 Aut
1015 965 1136 1014 igitur
1162 976 1351 1015 negemus
1378 966 1587 1016 quicquam

30 1022 182 1060 ratione
215 1022 373 1072 confici,
412 1027 669 1061 cumcontra
707 1021 803 1060 nihil
848 1023 931 1060 sine
977 1024 1126 1060 ratione
1171 1029 1278 1062 recte
1324 1024 1408 1061 {ieri
1451 1025 1588 1075 possit,

29 1086 96 1119 aut
128 1092 216 1119 cum
248 1080 493 1131 philosophia
526 1093 572 1118 ex
604 1082 801 1119 rationum
834 1081 1052 1119 conlatione
1086 1088 1257 1133 constet,
1296 1081 1342 1119 ab
1376 1094 1438 1135 ea,
1477 1084 1509 1120 si
1548 1087 1587 1120 et

28 1137 121 1177 boni
153 1144 192 1177 et
223 1138 327 1177 beati
359 1138 538 1178 volumus
578 1151 682 1191 esse,
724 1141 852 1178 omnia
892 1139 1113 1178 adiumenta
1153 1146 1191 1178 et
1230 1140 1370 1178 auxilia
1407 1147 1587 1191 petamus

30 1196 130 1236 bene
163 1196 353 1248 beateque
388 1197 550 1236 vivendi.

69 1309 345 1354 perturbatione
388 1312 519 1350 metus,
566 1310 656 1344 tiber
699 1310 770 1344 den

29 1355 184 1391 Genetiv
209 1367 235 1390 s.
261 1356 277 1390 I
306 1360 368 1400 15,
395 1360 450 1391 34.
501 1355 551 1390 IV
579 1360 640 1399 15,
666 1360 721 1391 34.

76 1406 132 1437 83.
157 1413 231 1437 ‘non
263 1403 416 1445 fortuito
446 1403 584 1446 factum
614 1404 770 1446 videtur,

28 1461 56 1484 s.
83 1449 251 1495 dagegen
277 1449 373 1496 Εἰιιὶ,ζ
400 1454 419 1492 ξ
449 1454 501 1485 10.

73 1497 236 1538 ratione,
260 1496 332 1531 mit
350 1497 607 1542 L‘berlegung‚
627 1498 768 1532 metho-

27 1542 143 1578 disch.
195 1543 230 1578 S.
256 1556 284 1579 z.
312 1547 352 1587 6,
381 1548 434 1578 13.

73 1591 156 1633 fons
199 1593 231 1625 et
274 1594 401 1634 caput:
445 1594 554 1635 caput
594 1591 772 1626 becleuteb

28 1636 206 1672 ebenfalls
227 1637 287 1671 die
308 1636 437 1678 Quelle
458 1637 534 1672 und
553 1638 644 1672 wird
665 1638 771 1672 nicht

27 1684 147 1719 seiten
178 1683 217 1718 in
247 1684 514 1730 fibertragener
550 1685 771 1730 Bedeutung

28 1731 98 1765 mit
140 1731 223 1773 fons
266 1731 489 1766 verbunden.
542 1732 586 1766 de
624 1733 714 1766 orat.
754 1732 770 1765 Ι

29 1781 91 1821 10,
117 1781 161 1812 42
187 1782 381 1822 uryuereut
400 1782 590 1822 praeterea
609 1780 768 1823 philoso-

23 1825 181 1869 phorum
205 1836 324 1870 yrequ
349 1827 424 1860 iam
450 1827 495 1860 ab
529 1827 590 1860 illo
614 1827 713 1869 fonte
738 1830 770 1860 et

28 1871 146 1916 eapite
183 1871 340 1906 Socrate.
390 1883 424 1916 p.
459 1873 584 1907 Plane.
623 1877 685 1915 23,
727 1877 770 1908 57

30 1929 142 1963 neque
166 1928 240 1964 eqo,
266 1920 299 1953 si
323 1920 488 1962 fontem
513 1921 695 1955 maledieti
719 1931 772 1954 re-

27 1966 195 2010 perietis,
220 1969 261 2000 ut
285 1967 481 2011 neyleyatz's
501 1987 544 1991 -—-
565 1968 772 2011 postulabo,

29 2013 91 2047 sed
115 2012 148 2046 si
171 2013 261 2057 quid
283 2013 361 2048 sine
386 2014 531 2057 capite
556 2014 729 2049 manabit.

76 2070 152 2094 una
175 2061 320 2095 sanatio
344 2064 412 2102 est,
449 2073 493 2095 zu
520 2064 701 2105 erg‘zinzen
726 2061 773 2095 ist

843 1313 884 1344 ut
909 1311 1114 1352 doceamus,
1147 1310 1221 1355 vgl.
1254 1310 1303 1344 HI
1336 1315 1397 1353 32,
1432 1315 1474 1346 76
1507 1312 1587 1354 offi-

844 1358 939 1391 cium
984 1358 1203 1392 consolantis
1250 1361 1401 1401 putent,
1452 1359 1588 1393 malum

842 1405 936 1438 illud
961 1424 1006 1429 -
1031 1415 1106 1439 non
1130 1414 1210 1438 esse.

890 1462 931 1485 ea
951 1452 1221 1495 reque—quod,
1233 1451 1314 1486 ‘aus
1329 1451 1412 1486 dem
1428 1451 1587 1495 Grande,

843 1497 955 1533 weil'.
1007 1498 1052 1532 de
1091 1497 1150 1533 off.
1193 1498 1244 1532 ΙΙΙ
1285 1502 1339 1542 13,
1379 1502 1422 1532 53
1461 1510 1502 1533 ea
1539 1510 1588 1541 re,

845 1546 933 1589 quia
958 1548 1063 1589 turpe
1087 1546 1135 1579 sit
1159 1555 1233 1579 nou
1265 1555 1335 1580 esse
1365 1546 1582 1588 faciendum.

845 1613 888 1617 —
915 1603 981 1636 que
1014 1592 1106 1626 wird
1141 1603 1187 1626 an
1225 1591 1292 1626 das
1326 1591 1453 1626 zwei‘ce
1480 1592 1589 1626 'Worb

843 1639 1027 1684 geh'angt,
1058 1650 1133 1673 was
1159 1639 1263 1673 sensi:
1287 1651 1356 1673 nur
1381 1639 1586 1683 geschieffl,

843 1696 951 1720 wenn
979 1686 1045 1720 das
1072 1687 1168 1720 erste
1191 1686 1299 1720 Wort-
1318 1685 1398 1720 eine
1418 1685 1587 1730 Praposi-

843 1732 922 1767 tion
948 1732 1014 1775 ist,
1041 1733 1125 1767 weil
1151 1743 1194 1767 ea
1218 1744 1255 1767 re
1283 1732 1350 1766 wie
1385 1744 1457 1777 qua
1482 1744 1519 1767 re
1549 1732 1587 1766 in

843 1780 907 1814 der
945 1780 1178 1824 Aussprache
1217 1791 1259 1813 zu
1301 1779 1421 1814 einem
1458 1780 1586 1814 W'orte

841 1826 1089 1861 versehmilzt.

894 1877 949 1908 84.
976 1883 1050 1908 uon
1074 1873 1195 1916 modo,
1221 1873 1280 1907 fiir
1299 1884 1372 1907 uon
1392 1873 1494 1908 modo
1515 1883 1588 1907 non

847 1932 872 1955 s.
900 1933 929 1954 z.
956 1920 972 1954 I
998 1924 1061 1963 36,
1087 1923 1142 1956 87.

894 1968 1050 2010 ratione,
1082 1966 1213 2001 ‘durch
1239 1967 1305 2001 das
1331 1967 1512 2002 Denken’.
1542 1986 1584 1991 —

847 2015 1036 2049 collatione
1054 2015 1258 2057 rationwn,
1279 2014 1358 2049 eine
1379 2014 1494 2048 Reihe
1514 2025 1586 2048 von

847 2060 1233 2096 Vernunftschlfissen.
