1790 3103
178 90 234 131 52
700 88 749 123 M.
775 89 938 124 TULLII
964 88 1217 124 CICERONIS

178 199 331 238 tradere
366 204 405 238 et
436 204 588 237 mentes
621 210 711 237 suas
745 211 764 236 a
797 200 1077 250 cogitationum
1110 199 1326 237 intentione
1361 204 1477 237 cantu
1510 198 1758 251 fidibusque

179 258 225 296 ad
260 257 580 309 tranquillitatem
607 257 832 309 traducere,
865 257 1118 307 gravissimus
1150 261 1287 295 auctor
1319 258 1359 295 in
1386 256 1613 308 Originibus
1639 257 1735 298 dixit

176 316 269 355 Cato
303 328 451 355 morem
484 315 587 367 apud
621 318 787 354 maiores
820 316 924 354 hunc
958 314 1162 366 epularum
1196 315 1334 366 fuisse,
1375 320 1418 354 ut
1450 315 1636 367 deinceps
1669 317 1764 367 qui‘

176 374 414 414 accubarent
447 381 634 414 canerent
666 374 712 412 ad
745 374 878 412 tibiam
912 373 1107 412 clarorum
1140 374 1314 412 virorum
1346 373 1480 412 laudes
1512 379 1628 425 atque
1661 376 1735 413 vir-

179 439 293 472 tutes.
356 433 411 472 Ex
453 446 529 484 quo
568 434 823 484 perspicuum
869 437 929 471 est
972 437 1012 470 et
1056 437 1194 471 cantus
1240 438 1322 470 tum
1366 432 1487 471 fuisse
1527 432 1773 484 discriptosss

142 500 317 531 4vocum
350 494 456 531 sonis
494 499 531 530 et
571 493 754 529 carmina.
818 490 1063 542 Quamquam
1102 490 1140 529 id
1179 490 1336 541 quidem
1375 492 1492 529 etiam
1529 486 1778 530 duodecim-³

179 551 331 590 tabulae
365 551 583 600 declarant,
622 549 739 588 condi
771 551 846 587 iam
886 554 967 588 tum
1007 549 1165 588 solitum
1205 561 1292 588 esse
1331 561 1505 601 carmen,
1545 549 1648 600 quod
1687 561 1736 589 ne.
1761 560 1777 609 (ἐ

178 609 316 648 liceret
348 611 431 647 lieri
465 609 511 647 ad
544 608 706 646 alterius
744 609 946 659 iniuriam,
988 607 1071 658 lege
1112 614 1338 648 sanxerunt.
1399 607 1480 646 Nec
1512 620 1603 646 vero
1641 607 1736 647 illud
1766 615 1777 659 'J

178 680 255 706 uon
289 668 535 706 eruditorum
568 673 790 718 temporum
824 674 1098 717 argumentum
1132 671 1208 718 est,
1246 666 1349 717 quod
1386 672 1425 705 et
1456 667 1619 705 deorum
1652 666 1737 718 pul-

177 726 378 765 vinaribus
412 732 449 765 et
481 725 607 777 epulis
641 726 938 776 magistratuum
978 725 1074 763 fides
1107 727 1357 777 praecinunt,
1396 725 1500 776 quod
1533 726 1736 777 proprium
1774 751 1775 761 t

176 787 260 824 eius
301 785 395 837 suit,
440 785 486 823 de
526 796 601 836 qua
643 784 800 835 loquor,
842 783 1083 835 discipliuae.
1146 784 1239 822 Mihi
1278 784 1435 835 quidem
1475 785 1591 822 etiam
1624 784 1738 834 Appii
1766 807 1775 835 Ἰς

177 844 290 882 Caeci
323 855 500 894 carmen,
533 842 636 894 quod
669 842 777 881 valde
811 842 1019 881 Panaetius
1053 842 1183 881 laudat
1215 842 1378 894 epistola
1411 842 1596 894 quadam,
1636 854 1736 894 quae
1773 855 1775 858 ’

177 908 236 941 est
268 903 314 940 ad
349 902 391 948 Q.
420 902 690 952 Tuberonem,
722 901 1010 952 Pythagoreum
1044 901 1208 940 videtur.

1271 901 1390 940 Multa
1422 902 1539 939 etiam
1573 907 1665 940 sunt
1697 902 1736 940 in
1771 903 1780 921 ³*

176 963 323 1000 uostris
355 962 546 999 institutis
574 960 690 998 ducta
723 959 769 997 ab
802 959 896 1011 illis,
929 971 1028 1010 quae
1056 965 1280 1011 praetereO,
1313 972 1361 998 ne
1395 972 1456 1011 ea,
1490 971 1589 1010 quae
1622 971 1738 1011 pepe·
1768 960 1773 964 ”

141 1021 275 1057 51·isse
315 1021 389 1070 ipsi
428 1025 629 1070 putamur,
671 1017 826 1056 aliunde
865 1018 1049 1057 didicisse
1090 1018 1303 1056 videamur.

175 1166 287 1200 geren
314 1155 465 1199 Verein‚
497 1155 561 1190 der
585 1154 624 1189 in
651 1154 723 1189 alle
751 1154 921 1189 Geheim-

175 1203 303 1237 lehren
330 1202 394 1236 des
415 1202 563 1236 Bundes
588 1201 812 1246 eingeweiht
832 1212 919 1246 war,

174 1249 300 1284 wurde
331 1261 401 1283 nur
432 1249 513 1284 eine
539 1248 682 1283 Anzahl
708 1248 922 1293 Mitglieder

176 1296 404 1341 zugelassen.

223 1347 335 1378 cantu
377 1344 590 1387 fidibusque.
655 1342 723 1377 Die
769 1342 922 1376 7181111811-

177 1390 319 1426 theorie
364 1390 427 1425 der
463 1390 720 1435 Pythagoram·
763 1389 921 1434 km‘ipfte

178 1448 226 1471 an
241 1437 299 1472 dje
314 1437 432 1472 Lehre
453 1448 526 1473 von
546 1437 611 1471 der
628 1437 920 1471 musikalischen

177 1483 381 1519 Harmonie
402 1495 465 1527 ειυς
487 1484 622 1519 ebenso
643 1484 771 1528 legten
789 1484 841 1518 sie
856 1483 921 1518 der

176 1531 300 1566 Musik
336 1532 417 1566 eine
454 1543 516 1565 zur
543 1530 774 1565 Sittlichkeit
807 1530 919 1565 erzie-

176 1578 296 1613 hende
308 1578 416 1612 Kraft
428 1578 499 1622 bei,
514 1578 589 1612 und
604 1578 770 1612 mehrere
782 1577 920 1622 Pytha-

176 1629 308 1670 goriier
334 1625 482 1660 werden
508 1625 677 1669 zugleich
703 1625 758 1659 als
784 1624 922 1659 bedeu-

175 1672 288 1707 tende
310 1672 474 1707 Musiker
494 1672 671 1707 erwahnt.
717 1671 801 1716 Vgl.
824 1672 921 1706 auch

178 1719 302 1762 Quint.
330 1719 380 1753 IX
407 1723 445 1762 4,
474 1723 515 1754 12
558 1719 797 1765 Pythayoreis
835 1721 923 1753 certe

176 1767 286 1801 moris
304 1767 380 1810 fuit
400 1786 442 1791 —-
464 1777 544 1801 cum
562 1776 726 1801 somnum
750 1769 921 1810 peterent,

177 1815 226 1849 ad
260 1814 377 1859 lyram
406 1815 516 1858 prius
553 1814 665 1848 lenire
702 1817 850 1855 mentes,
882 1816 923 1847 ut

176 1861 209 1895 si
234 1861 323 1905 qnid
347 1861 476 1904 fuisset
508 1861 754 1896 turbidiorum
786 1860 918 1905 coyita-

177 1909 317 1942 tionum
343 1911 600 1952 componerent.

224 1955 265 1989 in
293 1954 526 1999 Oriyinibns,
555 1966 581 1988 s.
609 1966 639 1988 z.
667 1954 682 1987 Ι
708 1957 747 1997 2,
775 1957 806 1988 3.

225 2005 321 2037 cant.
349 2002 543 2045 discriptos
568 2011 693 2036 vocum
712 2002 823 2042 sonis,
849 1999 923 2034 Me-

178 2048 322 2091 lodien,
349 2049 408 2083 die
435 2048 501 2083 auf
524 2047 583 2082 die
610 2047 801 2082 einzelnen
822 2047 923 2081 Tone

179 2096 244 2130 der
271 2095 427 2130 Stimme
453 2095 620 2138 vertent,
647 2095 680 2129 d.
702 2095 737 2128 h.
759 2105 824 2128 aus
845 2104 924 2128 ver-

179 2142 402 2178 schiedenen
419 2143 547 2176 Tenen
568 2141 926 2186 zusammengesetzt

179 2189 279 2233 sind,
306 2189 380 2234 vgl.
408 2189 494 2223 Hor.
522 2200 635 2224 carm.
662 2189 677 2222 Ι
707 2192 760 2230 15,
791 2192 833 2223 15
860 2189 923 2223 im-

179 2237 262 2272 belli
287 2237 449 2271 citharae
474 2237 640 2271 carmina
665 2235 814 2270 divides

227 2287 259 2318 4.
286 2284 472 2318 duodecim
498 2284 660 2318 tabulae:
686 2282 731 2316 de
758 2293 796 2316 re
817 2294 851 2327 p.
874 2281 923 2316 IV

182 2334 223 2365 11
259 2330 416 2365 Nostrae
456 2350 497 2355 —
536 2330 605 2364 XII
643 2330 804 2371 tabulae,
843 2339 924 2364 cnm

178 2387 383 2421 perpaucas
408 2387 464 2412 res
489 2378 608 2421 capite
633 2377 857 2418 sanoeissent,
883 2377 924 2410 in

178 2425 234 2458 his
259 2425 354 2459 hanc
379 2434 517 2468 qnoque
550 2424 784 2458 sanciendam
812 2425 923 2467 puta-

179 2475 324 2514 rerunt,
368 2472 400 2506 si
444 2471 526 2515 quis
563 2471 816 2505 occentavisset
852 2470 925 2504 sive

180 2529 324 2553 carmen
350 2518 584 2559 condidisset,
610 2518 705 2561 quod
731 2517 925 2560 infamiam

179 2566 312 2608 faceret
336 2565 560 2609 flayitiumve
586 2565 703 2599 alteri.

218 2612 489 2657 pulvinaribus,
498 2611 557 2646 die
568 2612 923 2656 sogen.leetisternia.

222 2659 317 2703 quod
340 2660 533 2703 proprium
552 2659 629 2693 eins
649 2659 717 2692 cet.
768 2657 837 2692 Die
858 2658 925 2702 Py-

180 2706 381 2750 thagoram·
405 2705 602 2740 vei-ehrten
628 2705 829 2740 besonders
855 2705 925 2740 den

182 2753 381 2787 dorischen
394 2752 548 2797 Apollo,
574 2752 612 2787 iu
638 2752 770 2787 dessen
789 2751 923 2786 Kultns

183 2798 405 2844 Saitenspiel
460 2799 621 2834 vielfach
683 2799 926 2844 angewendet

182 2846 325 2890 wurde;
353 2846 432 2882 dass
461 2847 512 2881 sie
533 2847 622 2882 aber
642 2846 747 2881 dariu
768 2857 839 2881 von
861 2845 925 2880 der

1367 1017 1441 1056 Sed
1482 1024 1526 1056 ut
1564 1017 1610 1056 ad
1649 1030 1738 1069 pro·
1771 1044 1773 1046 ψ

995 1153 1243 1198 allgemeinen
1268 1153 1525 1198 griechischen
1553 1153 1646 1189 Sitha
1673 1154 1736 1189 ab-

994 1200 1204 1282 gegicheknt,
1242 1200 1307 1282 istil
1322 1200 1499 1281 nixiigends
1510 1200 1740 1282 hfiberliefert

994 1259 1044 1282 un
1094 1259 1153 1282 mc
1223 1258 1282 1282 wa
1310 1258 1367 1282 rsc
1398 1258 1455 1282 ein
1475 1258 1508 1282 ic
1538 1274 1545 1281 .
1596 1259 1602 1264 ·

1042 1296 1188 1339 Appius
1210 1294 1361 1337 Caecus,
1387 1294 1572 1339 derselbe,
1600 1294 1664 1329 der
1684 1294 1739 1330 als

995 1342 1131 1376 Censor
1157 1346 1224 1376 312
1252 1342 1311 1377 die
1337 1342 1398 1376 via
1424 1341 1548 1386 Appia
1579 1341 1654 1376 und
1680 1341 1739 1377 die

994 1387 1292 1433 Wasserleitung
1317 1389 1467 1434 anlegte
1502 1388 1578 1423 und
1615 1389 1740 1433 spater

994 1436 1065 1470 den
1090 1435 1246 1470 Frieden
1272 1437 1341 1470 mit
1367 1435 1525 1479 Pyrrhus
1554 1435 1738 1472 hinderte.

994 1482 1101 1518 Seine
1144 1483 1362 1527 Sammlung
1399 1493 1472 1517 von
1511 1482 1739 1528 8113181131)τῆ-

994 1530 1088 1564 811811
1126 1529 1275 1564 mochte
1313 1529 1488 1564 manehes
1533 1529 1738 1573 enthalten,

994 1576 1061 1611 das
1089 1576 1157 1610 mil:
1181 1576 1520 1621 pythagorffischen
1535 1576 1740 1611 Vorschrif—

993 1625 1056 1658 ten
1078 1622 1410 1667 iibereinstimmte,
1435 1623 1531 1658 ohne
1553 1622 1634 1658 dass
1653 1634 1740 1658 man

994 1670 1149 1705 deshalb
1194 1681 1241 1704 an
1279 1670 1386 1705 einen
1426 1669 1578 1705 Einflufs
1623 1669 1738 1706 dieser

997 1718 1116 1752 Lehre
1142 1729 1186 1751 zu
1209 1717 1355 1752 denken
1379 1717 1456 1752 hat.

1045 1765 1266 1799 Panaetius:
1292 1776 1318 1798 s.
1349 1764 1446 1798 Einl.
1473 1767 1492 1806 ἓ
1520 1768 1552 1799 6.

1046 1812 1084 1857 Q.
1113 1811 1241 1847 Aelius
1271 1811 1428 1853 Tubero,
1454 1811 1518 1846 der
1544 1810 1649 1846 Neffe
1676 1811 1740 1846 des

992 1858 1173 1904 junget-en
1190 1858 1404 1903 Africanus,
1430 1858 1646 1893 verwaltete
1675 1861 1740 1893 123

997 1905 1054 1940 die
1094 1906 1236 1942 Pratur.
1287 1905 1337 1939 Er
1374 1915 1450 1939 war
1490 1905 1552 1940 ein
1591 1903 1741 1950 eifriger

995 1953 1197 1997 Anhanger
1223 1952 1287 1987 der
1313 1952 1403 1987 Stoa.
1428 1951 1503 1986 und
1529 1951 1600 1986 mit
1623 1951 1740 1987 Pana.-

997 1999 1070 2034 tius
1113 1999 1188 2033 und
1232 1999 1364 2034 dessen
1403 1998 1557 2034 Schiiler
1593 1998 1741 2034 Hekato

997 2046 1227 2081 befreundet.
1268 2046 1314 2081 de
1335 2045 1601 2089 off.11115,63.
1638 2045 1741 2081 Brut.

997 2097 1053 2136 31,
1084 2097 1149 2127 117
1181 2093 1257 2128 vita
1294 2103 1435 2128 severus
1472 2096 1504 2128 et
1541 2102 1742 2138 conqrnens

997 2151 1078 2175 cum
1115 2151 1157 2175 ea
1199 2140 1399 2184 disciplina
1442 2150 1551 2184 qnam
1594 2140 1742 2183 colebat,

990 2187 1108 2232 paulo
1145 2188 1252 2222 etiam
1291 2187 1430 2222 durior.
1459 2207 1502 2212 -
1530 2186 1603 2222 Der
1641 2186 1746 2221 Brief

998 2235 1060 2269 des
1087 2234 1265 2269 Panatius
1291 2233 1467 2268 handelte
1503 2233 1546 2268 de
1569 2233 1741 2278 patiendo

997 2282 1127 2316 dolore.
1180 2280 1214 2315 S.
1242 2280 1287 2315 de
1313 2281 1373 2315 fin.
1399 2280 1450 2315 IV
1476 2284 1515 2323 9,
1543 2284 1600 2316 23.

1043 2329 1231 2373 peperisse.
1283 2327 1341 2362 Or.
1370 2331 1432 2371 32,
1462 2331 1528 2362 114
1557 2331 1590 2362 et
1614 2330 1742 2372 postea

997 2377 1060 2420 qni
1104 2375 1286 2410 dialectici
1323 2375 1497 2410 dicuntur
1535 2375 1743 2419 spinosiora

997 2423 1112 2457 inulta
1140 2425 1368 2466 pepererunt.
1421 2421 1468 2456 ad
1493 2419 1579 2457 fam.
1608 2421 1658 2457 IV
1687 2425 1741 2466 13,

1000 2473 1018 2504 7
1046 2480 1112 2504 nec
1136 2480 1178 2504 ea
1201 2470 1315 2504 solnm
1340 2469 1559 2510 memineris,
1585 2479 1676 2512 quae
1696 2469 1741 2503 ab

998 2517 1084 2551 aliis
1107 2517 1249 2560 maqnis
1268 2516 1358 2551 viris
1379 2516 1564 2560 accepisti,
1590 2516 1650 2550 sed
1675 2516 1742 2550 illa

999 2564 1107 2598 etiam
1138 2574 1230 2608 quae
1267 2564 1344 2607 ipse
1377 2563 1523 2607 ingenio
1554 2563 1743 2607 studioque

997 2611 1179 2654 peperisti.
1231 2610 1335 2645 Doch
1384 2609 1506 2644 haben
1554 2609 1634 2644 hier
1681 2608 1741 2644 die

1000 2657 1108 2693 Hdss.
1151 2657 1366 2702 perperisse,
1418 2667 1492 2691 was
1535 2656 1632 2691 auch
1675 2667 1742 2693 aus

999 2705 1196 2749 repperisse
1221 2703 1441 2739 entstanden
1467 2703 1546 2738 sein
1571 2703 1680 2738 kann.

1046 2755 1076 2786 5.
1122 2751 1182 2786 sed
1225 2754 1266 2785 ut
1309 2751 1357 2785 ad
1395 2760 1541 2794 propos.
1593 2749 1762 2786 bezieht:

998 2798 1076 2833 sich
1103 2797 1170 2833 auf
1192 2801 1210 2840 ξ
1240 2802 1258 2832 2
1294 2797 1408 2832 niulta
1433 2807 1520 2832 sane
1544 2798 1741 2833 occurrunt

998 2855 1063 2881 cur
1089 2847 1157 2880 cet.
