1790 3103
275 90 667 127 TUSCULANARUM
692 90 1091 127 DISPUTATIONUM
1120 93 1178 127 111.
1206 98 1355 130 45--49,
1531 95 1587 135 29

36 204 120 245 cari
152 200 309 252 quidem
350 212 392 238 sc
435 202 643 250 quicquam
684 199 847 251 honum,
889 201 962 238 nisi
1003 212 1144 239 sensus
1185 205 1294 252 quasi
1338 204 1587 243 titillarentur

38 261 252 311 voluptate:
299 270 402 297 nunc
447 264 577 297 autem
621 269 811 297 summam
854 257 1089 309 voluptatem
1134 271 1219 297 esse
1264 261 1396 300 dolore
1441 275 1586 301 carcre.

37 319 222 360 Potestne
266 318 388 367 magis
431 328 565 355 secum
607 318 689 367 ipse
731 314 934 367 pugnare?
996 316 1171 355 Alterum
1205 325 1427 370 peccatum,
1472 321 1587 372 quod,

36 389 128 418 cum
159 377 199 414 in
231 381 370 414 natura
403 376 476 413 tria
515 376 610 425 sint,
652 386 772 413 unum
811 373 999 427 gaudere,
1037 374 1202 413 alterum
1240 376 1389 427 dolere,
1429 381 1586 417 tertium

36 447 110 476 nec
141 433 312 485 gaudere
346 445 417 471 nec
450 432 598 483 dolere,
637 432 699 470 hic
731 433 901 483 primum
940 439 978 471 et
1016 435 1175 471 tertium
1214 439 1324 484 putat
1361 435 1463 473 idem
1503 449 1586 475 esse

37 505 110 534 nec
143 492 349 542 distinguit
381 503 400 529 a
434 503 510 530 non
542 490 708 529 dolendo
736 489 981 540 voluptatem.
1044 491 1220 530 Tertium
1248 499 1452 542 peccatum
1485 506 1587 532 com-

36 563 153 592 mune
186 563 275 589 cum
309 549 558 600 quibusdam,
590 549 693 598 quod
727 560 816 586 cum
850 550 970 587 virtus
1003 551 1166 587 maxime
1193 556 1398 600 expetatur
1425 553 1587 602 eiusque

34 609 309 661 adipiscendae
343 620 457 646 causa
491 606 733 658 philosophia
758 608 932 656 quaesita
965 609 1032 659 sit,
1065 607 1138 659 ille?
1161 620 1180 645 a
1206 610 1357 655 Vvirtute
1391 622 1587 648 summum

35 667 182 719 bonum
215 668 419 720 separavit.
482 664 545 703 ‘At
570 664 701 703 laudat
727 676 842 715 saepe
870 662 1081 704 virtutem.⁹
1143 666 1192 704 Et
1221 667 1378 716 quidem
1405 668 1444 706 C.
1471 668 1646 713 Grac-425

32 725 152 778 chus,
185 737 274 764 cum
306 724 531 775 largitiones
557 725 743 761 maximas
770 723 928 762 fecisset
960 730 998 762 et
1031 724 1233 763 effudisset
1259 727 1470 778 aerarium,
1503 739 1585 765 ver-

34 783 95 824 bis
135 789 264 823 tamen
306 782 539 821 defendebat
580 783 785 820 aerarium.
849 782 949 826 Quid
988 782 1104 820 verba
1146 783 1316 835 audiam,
1357 796 1445 823 cum
1488 786 1587 823 sacta

34 840 214 881 videam?
275 841 363 879 Piso
396 841 459 879 ille
493 840 611 890 Frugi
644 851 800 890 semper
832 845 966 878 contra
998 840 1122 890 legem
1156 841 1450 880 frumentarIam
1483 843 1586 881 dixe-

35 906 106 940 rat.
170 899 206 938 Is
245 900 330 950 lege
369 899 443 937 lata
481 898 698 937 consularis
741 898 786 936 ad
826 900 1066 936 frumentum
1105 899 1379 949 accipiundum
1418 907 1586 939 venerat.

34 959 218 998 Animum
256 957 422 996 advertit
453 956 653 995 Gracchus
692 957 731 994 in
770 958 950 995 contione
989 956 1171 995 Pisonem
1209 964 1395 1009 stantem3
1435 961 1588 1009 quaerit

32 1017 217 1056 audiente
245 1016 388 1068 populo
416 1016 588 1054 Romano
621 1015 689 1064 qui
721 1014 795 1052 sihi
827 1020 997 1066 constet,
1030 1027 1119 1053 cum
1153 1028 1196 1053 ea
1228 1016 1312 1067 lege
1346 1018 1587 1056 frumentum

35 1080 162 1127 petat,
201 1087 315 1125 quam
355 1074 594 1113 dissuaserit.
657 1069 814 1111 tNolim’
846 1074 973 1123 inquit
1005 1070 1104 1112 ‘mea
1137 1073 1254 1126 bona,
1287 1074 1479 1127 Gracche,
1518 1075 1587 1114 tibi

36 1135 182 1172 viritim
220 1132 391 1171 dividere
430 1132 565 1182 libeat,
604 1130 690 1182 sed,
735 1133 767 1170 si
812 1132 947 1183 facias,
983 1138 1135 1182 partem
1174 1130 1331 1182 petam.’
1393 1134 1587 1172 Parumne

32 1191 245 1231 declaravit
276 1192 335 1228 vir
367 1191 493 1241 gravis
526 1194 565 1227 et
597 1190 752 1239 sapiens
784 1189 867 1239 lege
896 1189 1126 1240 Sempronia
1151 1193 1430 1240 patrimonium
1461 1192 1588 1243 publi-

33 1261 124 1289 cum
169 1247 392 1300 dissupari?
454 1248 555 1298 Lege
600 1249 796 1286 orationes
842 1247 1023 1286 Gracchi:
1067 1254 1276 1299 patronum
1315 1251 1454 1288 aerarii
1500 1263 1586 1289 esse

32 1307 179 1358 dices—f
213 1307 337 1358 Negat
367 1306 564 1358 Epicurus
596 1305 764 1345 iucunde
803 1318 917 1356 posse
951 1307 1042 1357 vivi,
1081 1308 1157 1345 nisi
1190 1319 1277 1345 cum
1311 1309 1454 1347 virtute
1487 1310 1644 1351 viva-49

29 1372 114 1418 tur,
152 1371 268 1417 negat
305 1365 422 1404 ullam
455 1367 494 1404 in
527 1366 742 1415 sapientem
778 1366 851 1402 vim
891 1377 976 1403 esse
1010 1365 1208 1416 fortunae,
1246 1371 1408 1404 tenuem
1440 1369 1586 1406 victum

31 1425 202 1464 antefert
233 1425 409 1475 copioso,
451 1430 566 1474 negat
605 1422 727 1461 ullum
760 1434 846 1460 esse
880 1429 1052 1475 tempus,
1091 1436 1167 1474 quo
1201 1425 1354 1475 sapiens
1387 1437 1465 1463 non
1497 1425 1584 1464 bea-

32 1488 96 1523 tus
141 1484 208 1521 sit:
252 1485 380 1521 omnia
424 1481 656 1533 philosopho
701 1481 834 1533 digna,
879 1482 946 1520 sed
992 1494 1081 1520 cum
1120 1482 1317 1533 voluptate
1361 1485 1585 1534 pugnantia.

29 1571 82 1607 im
109 1570 257 1606 Ganzen
291 1571 508 1616 angegeben
541 1570 589 1604 ist
623 1570 697 1604 und
734 1580 771 1604 es

30 1617 110 1662 folg
112 1618 129 1651 t
153 1618 252 1652 daun
277 1618 335 1652 die
355 1618 456 1652 Aufz·
451 1617 590 1661 ihlung
615 1617 666 1650 im
686 1615 771 1650 Ein—

31 1664 177 1706 zeluen,
216 1675 255 1698 so
294 1665 394 1699 steht
428 1664 490 1698 bei
528 1663 612 1697 dem
651 1664 772 1697 ersten

31 1709 162 1746 Gh'ede
194 1711 305 1745 meist
334 1711 438 1746 nicht
470 1721 649 1754 prunum,
688 1720 770 1744 son—

30 1756 120 1792 dern
157 1768 281 1792 unum.
330 1758 428 1792 Aber
461 1756 535 1801 vgl.
569 1760 631 1799 22,
664 1760 707 1790 52
740 1759 772 1790 et

30 1804 172 1849 quidem
210 1805 252 1839 ob
294 1805 387 1839 duas
424 1814 572 1845 causa8‚
610 1804 771 1847 primum

0 1855 2 1869 *
29 1851 126 1896 quod
151 1852 220 1885 cet.

0 1876 2 1925 l
77 1898 183 1942 quasi
214 1898 473 1932 titillarentur.
511 1897 652 1942 Epikur
689 1898 773 1950 sagi,

0 1927 2 1976 l
33 1945 278 1989 γαργαλίζειν.
298 1964 342 1969 —-
361 1955 433 1979 non
455 1944 570 1979 dolere
589 1943 682 1977 wird
701 1944 769 1977 wie

0 2008 1 2013 =
30 1990 91 2026 ein
104 1989 320 2026 Substantiv
340 1990 769 2034 behandelt‚Schme1-z-

29 2035 127 2082 losig
128 2036 217 2072 keit.

74 2094 155 2119 cum
185 2084 418 2128 quibusdam,
458 2083 527 2118 mit
558 2083 629 2118 den
662 2083 769 2127 Cyre-

29 2130 185 2166 naikern
203 2130 280 2165 und
295 2129 443 2174 einigen
463 2131 610 2174 andern,
631 2131 770 2165 welche

30 2175 90 2212 die
122 2177 278 2221 Tugend
320 2177 422 2211 nicht
448 2177 502 2212 als
535 2177 599 2211 das
625 2176 770 2222 Einzig-

31 2223 158 2268 nctige
194 2223 284 2259 oder
319 2224 373 2258 als
406 2223 471 2258 das
503 2223 677 2268 Notigste
710 2236 772 2257 zur

32 2267 223 2305 Glfiekseli
225 2270 330 2315 gkeit
354 2269 562 2305 hinstellen.

79 2320 136 2352 48.
162 2317 217 2351 Et
247 2317 389 2361 quidem
425 2316 519 2351 wird
556 2317 772 2361 gebraucht,

3 2373 139 2398 .wenn
182 2374 269 2398 man
313 2362 372 2398 die
418 2363 665 2408 Behauptung
708 2363 772 2397 des

33 2407 136 2455 Gegn
139 2421 196 2445 ers
239 2410 435 2452 annimml:‚
479 2411 566 2444 aber
603 2410 770 2454 zugleich

25 2453 147 2491 etwas
159 2456 367 2501 hinzufiigt,

33 2502 122 2537 oder
145 2502 330 2538 umstasst.

387 2468 463 2491 was
479 2456 531 2491 sie
546 2456 771 2491 beschriinkt

384 2502 500 2537 ‘Ganz
526 2503 646 2545 recht,
676 2503 771 2538 auch

35 2547 221 2584 Gracchus
246 2562 281 2584 u.
307 2561 334 2585 s.
361 2550 420 2583 w.’
473 2549 514 2584 In
540 2550 604 2584 der
618 2550 767 2585 Verbin-

33 2594 133 2640 dung
156 2596 250 2640 liegt
274 2596 388 2631 daher
414 2597 528 2631 etwas
554 2596 769 2632 Ironisches.

33 2640 68 2677 S.
95 2607 165 2688 Sgey
168 2642 251 2677 ffert
276 2643 351 2678 sch.
378 2643 459 2678 Lat.
485 2642 503 2676 Ι
527 2654 562 2687 p.
591 2647 669 2678 145.

81 2688 118 2724 Ο.
143 2655 359 2725 Υ.·Θ’<ναοι31ιιιε
404 2701 441 2724 er
488 2691 600 2724 setzte
643 2690 769 2734 durch,

32 2732 113 2769 dass
134 2735 239 2780 J’eder
269 2737 308 2771 in
338 2737 433 2770 Rom
467 2736 544 2770 sich
576 2736 768 2772 meldende

33 2781 214 2817 romische
250 2781 351 2827 Biirg
354 2794 393 2817 er
440 2783 643 2818 monafflich
688 2783 769 2818 eine

33 2827 323 2864 auskommliche
327 2795 463 2865 gMasse
484 2829 671 2872 Getreide,
699 2830 769 2865 den

845 1570 989 1604 Modius
1016 1571 1073 1615 (7⁶
1094 1570 1321 1615 preussische
1343 1571 1517 1615 Scheffel)
1543 1584 1586 1606 zu

846 1617 882 1652 6ι
899 1643 911 1661 3
940 1619 991 1650 As
1017 1618 1098 1662 (3¹2,
1128 1617 1348 1662 Groschen),
1375 1619 1409 1654 d.
1424 1618 1446 1652 i.
1474 1619 1587 1653 kaum

845 1662 903 1698 dje
928 1663 1056 1698 Halfte
1088 1665 1152 1699 des
1186 1665 1415 1710 m‘edrigsten
1446 1665 1586 1700 Dutch-

845 1710 1161 1755 schnittspreises‚
1237 1712 1406 1746 erhalten
1483 1712 1585 1747 solle.

844 1758 1049 1792 Mommsen
1074 1757 1178 1792 Rom.
1207 1758 1339 1793 Gesch.
1366 1759 1399 1792 II
1427 1758 1459 1794 S.
1482 1762 1537 1794 99.

892 1804 935 1837 L.
965 1804 1067 1847 Piso,
1093 1816 1119 1839 s.
1147 1817 1176 1838 z.
1205 1809 1236 1848 8,
1266 1809 1319 1840 16.
1370 1804 1437 1840 Die
1463 1805 1586 1840 Anek·

845 1851 930 1885 dote
968 1862 1041 1886 von
1079 1851 1156 1886 ihm
1201 1852 1334 1896 gehort
1376 1852 1480 1886 nicht
1525 1864 1587 1886 zur

845 1897 962 1932 Sache
989 1899 1063 1932 und
1089 1898 1181 1932 wird
1208 1898 1302 1933 bloss
1337 1911 1400 1933 zm·
1425 1898 1585 1933 Restati-

843 1956 945 1989 gung
983 1945 1046 1979 des
1086 1945 1222 1980 Urteils
1269 1946 1360 1980 iiber
1398 1945 1586 1980 Gracchus

844 1991 1093 2036 hinzugefiigt.

889 2049 966 2072 mea
981 2039 1086 2079 bona,
1100 2038 1263 2073 insoferu
1277 2049 1324 2073 an
1338 2039 1403 2073 das
1415 2038 1584 2073 Gemein-

843 2086 911 2128 gub
929 2085 1035 2128 jeder
1054 2086 1220 2120 einzelne
1240 2086 1317 2120 sein
1328 2086 1492 2120 Anrecht
1511 2085 1586 2120 und

845 2131 903 2165 die
928 2131 1065 2166 Pflicht
1089 2132 1154 2166 der
1178 2132 1389 2176 Erhaltung
1413 2132 1488 2166 hat.

890 2182 947 2212 49.
976 2182 1083 2233 negat
1099 2179 1316 2234 Epicurus
1336 2179 1441 2223 Diog
1463 2178 1496 2213 X
1518 2182 1585 2213 140

844 2222 913 2259 οὐκ
943 2224 1040 2259 ἔστιν
1067 2222 1186 2269 ἡδέως
1207 2225 1272 2269 ζῆν
1292 2222 1386 2260 ἄνευ
1406 2226 1473 2259 τοῦ
1496 2238 1584 2269 φρο-

844 2272 958 2315 νίμως
983 2273 1047 2306 καὶ
1067 2272 1187 2312 καλῶς
1212 2271 1276 2306 καὶ
1298 2273 1462 2312 δικαιᾝως
1499 2273 1583 2317 Vgl.

845 2317 951 2352 Tusc
979 2318 1011 2352 V
1038 2323 1076 2361 9,
1103 2322 1157 2353 ⁶26.

892 2369 1029 2400 tenuem
1060 2367 1202 2400 victum.
1253 2366 1359 2410 Diog.
1387 2365 1420 2399 X
1448 2369 1514 2400 130
1550 2363 1587 2400 οἷ

845 2410 886 2446 δὲ
907 2412 999 2446 λιτοὶ
1018 2412 1121 2466 χυλοι
1143 2415 1224 2456 ισην
1245 2415 1443 2447 πολυτελεῖ
1459 2414 1583 2467 διαιτῃ

843 2456 909 2511 τὴν
958 2456 1100 2515 ἡδονὴν
1150 2459 1441 2515 προςφέρουσιν,
1491 2472 1583 2494 οταν

843 2502 945 2540 α’παν
971 2503 1012 2540 τὸ
1040 2503 1180 2550 ἀλγοῦν
1206 2520 1275 2541 κατ
1315 2505 1465 2541 ἔνδειαν
1487 2504 1582 2548 ἐξαι-

843 2553 957 2607 ρεθῇ·
984 2552 1048 2587 καὶ
1068 2551 1166 2597 μάζα
1186 2567 1249 2587 και
1267 2549 1370 2596 ὕδωρ
1384 2566 1453 2596 την
1472 2549 1581 2597 ἀκρο-

842 2596 955 2643 τάτην
994 2596 1239 2634 ἆποδιδοῦσιν
1281 2597 1399 2644 ἡδονή
1404 2613 1434 2634 ν.
1485 2599 1583 2634 Uber

843 2646 913 2680 den
938 2646 1136 2690 folgenden
1163 2647 1248 2681 Satz
1276 2659 1302 2681 s.
1325 2646 1389 2680 das
1402 2646 1478 2680 Ans
1481 2646 1580 2680 ftihr-

841 2691 979 2727 lichere
992 2676 1051 2727 C’de
1077 2693 1136 2727 fin.
1164 2694 1179 2727 Ι
1206 2705 1234 2727 c.
1265 2697 1317 2727 19.

889 2740 1010 2774 omnia
1038 2760 1081 2764 —
1110 2741 1241 2784 cliqna,
1279 2737 1500 2783 Apposition
1537 2749 1580 2772 zu

842 2785 925 2820 dem
963 2786 1290 2831 vorhergehenden
1329 2786 1451 2827 Satze,
1491 2797 1516 2818 s.
1549 2797 1577 2819 z.

842 2831 857 2864 Ι
883 2835 945 2875 26,
973 2837 1015 2867 65
1044 2843 1114 2868 non
1141 2834 1235 2867 iusta
1262 2842 1384 2867 causa.
