<?xml version="1.0" encoding="UTF-8"?>
<!DOCTYPE html PUBLIC "-//W3C//DTD XHTML 1.0 Transitional//EN"
    "http://www.w3.org/TR/xhtml1/DTD/xhtml1-transitional.dtd">
<html xmlns="http://www.w3.org/1999/xhtml" xml:lang="en" lang="en">
 <head>
  <title>
</title>
<meta http-equiv="Content-Type" content="text/html;charset=utf-8" />
  <meta name='ocr-system' content='tesseract 3.04.00' />
  <meta name='ocr-capabilities' content='ocr_page ocr_carea ocr_par ocr_line ocrx_word'/>
</head>
<body>
  <div class='ocr_page' id='page_1' title='image "./tusculanarumdisp01ciceuoft_0106.png"; bbox 0 0 1817 3103; ppageno 0'>
   <div class='ocr_carea' id='block_1_1' title="bbox 228 83 1260 126">
    <p class='ocr_par' dir='ltr' id='par_1_1' title="bbox 228 83 1260 126">
     <span class='ocr_line' id='line_1_1' title="bbox 228 83 1260 126; baseline -0.002 -6"><span class='ocrx_word' id='word_1_1' title='bbox 228 83 282 126; x_wconf 84' lang='lat'><strong>76</strong></span> <span class='ocrx_word' id='word_1_2' title='bbox 744 84 791 120; x_wconf 87' lang='lat' dir='ltr'><strong>M.</strong></span> <span class='ocrx_word' id='word_1_3' title='bbox 818 83 979 119; x_wconf 89' lang='lat' dir='ltr'>TULLII</span> <span class='ocrx_word' id='word_1_4' title='bbox 1007 83 1260 119; x_wconf 87' lang='lat' dir='ltr'>CICERONIS</span> 
     </span>
    </p>
   </div>
   <div class='ocr_carea' id='block_1_2' title="bbox 170 193 1817 1833">
    <p class='ocr_par' dir='ltr' id='par_1_2' title="bbox 170 193 1817 1833">
     <span class='ocr_line' id='line_1_2' title="bbox 226 193 1781 246; baseline 0.001 -13"><span class='ocrx_word' id='word_1_5' title='bbox 226 206 304 233; x_wconf 90' lang='lat' dir='ltr'><strong>non</strong></span> <span class='ocrx_word' id='word_1_6' title='bbox 338 196 449 246; x_wconf 85' lang='lat' dir='ltr'>quasi</span> <span class='ocrx_word' id='word_1_7' title='bbox 480 200 685 233; x_wconf 88' lang='lat' dir='ltr'><strong>narrantes</strong></span> <span class='ocrx_word' id='word_1_8' title='bbox 718 195 965 245; x_wconf 82' lang='lat' dir='ltr'><strong>exponimuS,</strong></span> <span class='ocrx_word' id='word_1_9' title='bbox 1004 193 1071 232; x_wconf 87' lang='lat' dir='ltr'><strong>sed</strong></span> <span class='ocrx_word' id='word_1_10' title='bbox 1104 194 1251 233; x_wconf 88' lang='lat' dir='ltr'><strong>eisdem</strong></span> <span class='ocrx_word' id='word_1_11' title='bbox 1283 194 1366 232; x_wconf 85' lang='lat' dir='ltr'><strong>fere</strong></span> <span class='ocrx_word' id='word_1_12' title='bbox 1398 193 1545 246; x_wconf 82' lang='lat' dir='ltr'><strong>verbis,</strong></span> <span class='ocrx_word' id='word_1_13' title='bbox 1577 199 1621 233; x_wconf 89' lang='lat' dir='ltr'><strong>ut</strong></span> <span class='ocrx_word' id='word_1_14' title='bbox 1651 200 1781 234; x_wconf 87' lang='lat' dir='ltr'><strong>actum</strong></span> 
     </span>
     <span class='ocr_line' id='line_1_3' title="bbox 227 253 1817 305; baseline -0.001 -13"><span class='ocrx_word' id='word_1_15' title='bbox 227 253 546 305; x_wconf 81' lang='lat' dir='ltr'><strong>disputatumque</strong></span> <span class='ocrx_word' id='word_1_16' title='bbox 579 259 648 292; x_wconf 92' lang='lat' dir='ltr'><strong>est.</strong></span> <span class='ocrx_word' id='word_1_17' title='bbox 1816 287 1817 290; x_wconf 75' lang='grc'>,</span> 
     </span>
     <span class='ocr_line' id='line_1_4' title="bbox 170 305 1817 366; baseline -0.001 -15"><span class='ocrx_word' id='word_1_18' title='bbox 170 336 212 366; x_wconf 91' lang='lat'><strong>10</strong></span> <span class='ocrx_word' id='word_1_19' title='bbox 345 312 415 351; x_wconf 88' lang='lat' dir='ltr'><strong>Est</strong></span> <span class='ocrx_word' id='word_1_20' title='bbox 458 314 577 363; x_wconf 87' lang='lat' dir='ltr'><strong>igitur</strong></span> <span class='ocrx_word' id='word_1_21' title='bbox 621 310 909 350; x_wconf 85' lang='lat' dir='ltr'><strong>ambulantibus</strong></span> <span class='ocrx_word' id='word_1_22' title='bbox 953 310 999 348; x_wconf 84' lang='lat' dir='ltr'><strong>ad</strong></span> <span class='ocrx_word' id='word_1_23' title='bbox 1043 310 1148 349; x_wconf 87' lang='lat' dir='ltr'><strong>hunc</strong></span> <span class='ocrx_word' id='word_1_24' title='bbox 1192 310 1349 349; x_wconf 90' lang='lat' dir='ltr'><strong>modum</strong></span> <span class='ocrx_word' id='word_1_25' title='bbox 1394 323 1522 349; x_wconf 87' lang='lat' dir='ltr'><strong>sermo</strong></span> <span class='ocrx_word' id='word_1_26' title='bbox 1566 310 1631 350; x_wconf 89' lang='lat' dir='ltr'><strong>ille</strong></span> <span class='ocrx_word' id='word_1_27' title='bbox 1669 310 1783 350; x_wconf 89' lang='lat' dir='ltr'><strong>nobis</strong></span> <span class='ocrx_word' id='word_1_28' title='bbox 1816 305 1817 309; x_wconf 61' lang='grc'>’</span> 
     </span>
     <span class='ocr_line' id='line_1_5' title="bbox 227 368 1817 421; baseline -0.001 -11"><span class='ocrx_word' id='word_1_29' title='bbox 227 372 432 410; x_wconf 86' lang='lat' dir='ltr'><strong>institutus</strong></span> <span class='ocrx_word' id='word_1_30' title='bbox 471 377 510 409; x_wconf 89' lang='lat' dir='ltr'><strong>et</strong></span> <span class='ocrx_word' id='word_1_31' title='bbox 548 383 567 408; x_wconf 87' lang='lat' dir='ltr'><strong>a</strong></span> <span class='ocrx_word' id='word_1_32' title='bbox 611 370 677 409; x_wconf 90' lang='lat' dir='ltr'><strong>tali</strong></span> <span class='ocrx_word' id='word_1_33' title='bbox 721 369 888 421; x_wconf 90' lang='lat' dir='ltr'><strong>quodam</strong></span> <span class='ocrx_word' id='word_1_34' title='bbox 929 368 1071 408; x_wconf 89' lang='lat' dir='ltr'><strong>ductus</strong></span> <span class='ocrx_word' id='word_1_35' title='bbox 1111 369 1287 408; x_wconf 84' lang='lat' dir='ltr'><strong>exordio:</strong></span> <span class='ocrx_word' id='word_1_36' title='bbox 1331 371 1376 408; x_wconf 88' lang='grc' dir='ltr'><strong>Α.</strong></span> <span class='ocrx_word' id='word_1_37' title='bbox 1415 369 1498 408; x_wconf 88' lang='lat' dir='ltr'><strong>Dici</strong></span> <span class='ocrx_word' id='word_1_38' title='bbox 1536 381 1614 408; x_wconf 89' lang='lat' dir='ltr'><strong>non</strong></span> <span class='ocrx_word' id='word_1_39' title='bbox 1651 374 1785 421; x_wconf 85' lang='lat' dir='ltr'><strong>potest</strong></span> <span class='ocrx_word' id='word_1_40' title='bbox 1807 370 1817 415; x_wconf 70' lang='grc' dir='ltr'><strong>’,ζ</strong></span> 
     </span>
     <span class='ocr_line' id='line_1_6' title="bbox 229 417 1817 481; baseline -0.001 -13"><span class='ocrx_word' id='word_1_41' title='bbox 229 442 343 481; x_wconf 91' lang='lat' dir='ltr'><strong>quam</strong></span> <span class='ocrx_word' id='word_1_42' title='bbox 377 431 450 468; x_wconf 88' lang='lat' dir='ltr'><strong>sim</strong></span> <span class='ocrx_word' id='word_1_43' title='bbox 481 429 665 468; x_wconf 87' lang='lat' dir='ltr'><strong>hesterna</strong></span> <span class='ocrx_word' id='word_1_44' title='bbox 704 428 966 479; x_wconf 86' lang='lat' dir='ltr'><strong>disputatione</strong></span> <span class='ocrx_word' id='word_1_45' title='bbox 1006 433 1071 466; x_wconf 92' lang='lat' dir='ltr'><strong>tua</strong></span> <span class='ocrx_word' id='word_1_46' title='bbox 1110 427 1326 467; x_wconf 89' lang='lat' dir='ltr'><strong>delectatus</strong></span> <span class='ocrx_word' id='word_1_47' title='bbox 1360 428 1418 466; x_wconf 89' lang='lat' dir='ltr'><strong>vel</strong></span> <span class='ocrx_word' id='word_1_48' title='bbox 1448 430 1580 480; x_wconf 85' lang='lat' dir='ltr'><strong>potius</strong></span> <span class='ocrx_word' id='word_1_49' title='bbox 1611 428 1780 468; x_wconf 85' lang='lat' dir='ltr'><strong>adiutus.</strong></span> <span class='ocrx_word' id='word_1_50' title='bbox 1811 417 1817 432; x_wconf 65' lang='lat'>⁴</span> 
     </span>
     <span class='ocr_line' id='line_1_7' title="bbox 228 482 1817 542; baseline -0.001 -15"><span class='ocrx_word' id='word_1_51' title='bbox 228 488 312 527; x_wconf 88' lang='lat' dir='ltr'><strong>Etsi</strong></span> <span class='ocrx_word' id='word_1_52' title='bbox 346 490 448 526; x_wconf 90' lang='lat' dir='ltr'><strong>enim</strong></span> <span class='ocrx_word' id='word_1_53' title='bbox 481 488 575 526; x_wconf 88' lang='lat' dir='ltr'><strong>mihi</strong></span> <span class='ocrx_word' id='word_1_54' title='bbox 613 499 699 526; x_wconf 86' lang='lat' dir='ltr'><strong>sum</strong></span> <span class='ocrx_word' id='word_1_55' title='bbox 739 488 921 525; x_wconf 87' lang='lat' dir='ltr'><strong>conscius</strong></span> <span class='ocrx_word' id='word_1_56' title='bbox 960 499 1173 538; x_wconf 84' lang='lat' dir='ltr'><strong>numquam</strong></span> <span class='ocrx_word' id='word_1_57' title='bbox 1211 499 1272 525; x_wconf 89' lang='lat' dir='ltr'><strong>me</strong></span> <span class='ocrx_word' id='word_1_58' title='bbox 1312 488 1426 525; x_wconf 90' lang='lat' dir='ltr'><strong>nimis</strong></span> <span class='ocrx_word' id='word_1_59' title='bbox 1458 488 1558 526; x_wconf 85' lang='lat' dir='ltr'><strong>vitae</strong></span> <span class='ocrx_word' id='word_1_60' title='bbox 1597 482 1817 542; x_wconf 63' lang='lat' dir='ltr'><strong>cupidum]</strong></span> 
     </span>
     <span class='ocr_line' id='line_1_8' title="bbox 229 545 1815 598; baseline -0.001 -13"><span class='ocrx_word' id='word_1_61' title='bbox 229 547 367 598; x_wconf 76' lang='lat' dir='ltr'><strong>fuisse,</strong></span> <span class='ocrx_word' id='word_1_62' title='bbox 406 552 535 585; x_wconf 89' lang='lat' dir='ltr'><strong>tamen</strong></span> <span class='ocrx_word' id='word_1_63' title='bbox 568 546 764 585; x_wconf 86' lang='lat' dir='ltr'><strong>interdum</strong></span> <span class='ocrx_word' id='word_1_64' title='bbox 797 545 1040 585; x_wconf 86' lang='lat' dir='ltr'><strong>obiciebatur</strong></span> <span class='ocrx_word' id='word_1_65' title='bbox 1079 547 1207 584; x_wconf 88' lang='lat' dir='ltr'><strong>animo</strong></span> <span class='ocrx_word' id='word_1_66' title='bbox 1246 552 1375 584; x_wconf 90' lang='lat' dir='ltr'><strong>metus</strong></span> <span class='ocrx_word' id='word_1_67' title='bbox 1413 545 1570 597; x_wconf 88' lang='lat' dir='ltr'><strong>quidam</strong></span> <span class='ocrx_word' id='word_1_68' title='bbox 1602 552 1641 585; x_wconf 89' lang='lat' dir='ltr'><strong>et</strong></span> <span class='ocrx_word' id='word_1_69' title='bbox 1672 545 1784 585; x_wconf 87' lang='lat' dir='ltr'><strong>dolor</strong></span> <span class='ocrx_word' id='word_1_70' title='bbox 1813 553 1815 596; x_wconf 53' lang='grc' dir='ltr'>ἶ</span> 
     </span>
     <span class='ocr_line' id='line_1_9' title="bbox 230 604 1815 657; baseline -0.001 -13"><span class='ocrx_word' id='word_1_71' title='bbox 230 607 417 657; x_wconf 81' lang='lat' dir='ltr'><strong>cogitanti</strong></span> <span class='ocrx_word' id='word_1_72' title='bbox 448 605 531 643; x_wconf 86' lang='lat' dir='ltr'><strong>fore</strong></span> <span class='ocrx_word' id='word_1_73' title='bbox 564 604 771 656; x_wconf 88' lang='lat' dir='ltr'><strong>aliquando</strong></span> <span class='ocrx_word' id='word_1_74' title='bbox 809 605 925 642; x_wconf 83' lang='lat' dir='ltr'><strong>finem</strong></span> <span class='ocrx_word' id='word_1_75' title='bbox 963 604 1080 643; x_wconf 93' lang='lat' dir='ltr'><strong>huius</strong></span> <span class='ocrx_word' id='word_1_76' title='bbox 1121 605 1219 643; x_wconf 83' lang='lat' dir='ltr'><strong>lucis</strong></span> <span class='ocrx_word' id='word_1_77' title='bbox 1260 611 1298 643; x_wconf 89' lang='lat' dir='ltr'><strong>et</strong></span> <span class='ocrx_word' id='word_1_78' title='bbox 1329 606 1577 643; x_wconf 88' lang='lat' dir='ltr'><strong>amissionem</strong></span> <span class='ocrx_word' id='word_1_79' title='bbox 1609 606 1784 644; x_wconf 90' lang='lat' dir='ltr'><strong>omnium</strong></span> <span class='ocrx_word' id='word_1_80' title='bbox 1813 619 1815 649; x_wconf 71' lang='grc' dir='ltr'>ς</span> 
     </span>
     <span class='ocr_line' id='line_1_10' title="bbox 228 663 1785 716; baseline 0.001 -16"><span class='ocrx_word' id='word_1_81' title='bbox 228 666 329 703; x_wconf 85' lang='lat' dir='ltr'><strong>vitae</strong></span> <span class='ocrx_word' id='word_1_82' title='bbox 369 663 675 702; x_wconf 90' lang='lat' dir='ltr'><strong>commodorum.</strong></span> <span class='ocrx_word' id='word_1_83' title='bbox 737 663 819 702; x_wconf 88' lang='lat' dir='ltr'><strong>Hoc</strong></span> <span class='ocrx_word' id='word_1_84' title='bbox 858 675 1001 714; x_wconf 79' lang='lat' dir='ltr'><strong>genere</strong></span> <span class='ocrx_word' id='word_1_85' title='bbox 1040 663 1239 702; x_wconf 85' lang='lat' dir='ltr'><strong>molestiae</strong></span> <span class='ocrx_word' id='word_1_86' title='bbox 1279 665 1353 715; x_wconf 85' lang='lat' dir='ltr'><strong>sic,</strong></span> <span class='ocrx_word' id='word_1_87' title='bbox 1391 663 1485 701; x_wconf 89' lang='lat' dir='ltr'><strong>mihi</strong></span> <span class='ocrx_word' id='word_1_88' title='bbox 1524 663 1658 716; x_wconf 87' lang='lat' dir='ltr'><strong>crede,</strong></span> <span class='ocrx_word' id='word_1_89' title='bbox 1696 675 1785 702; x_wconf 90' lang='lat' dir='ltr'><strong>sum</strong></span> 
     </span>
     <span class='ocr_line' id='line_1_11' title="bbox 173 720 1784 774; baseline -0.001 -13"><span class='ocrx_word' id='word_1_90' title='bbox 173 720 431 774; x_wconf 81' lang='lat' dir='ltr'><strong>111iberatus‚</strong></span> <span class='ocrx_word' id='word_1_91' title='bbox 464 728 508 761; x_wconf 87' lang='lat' dir='ltr'><strong>ut</strong></span> <span class='ocrx_word' id='word_1_92' title='bbox 538 722 635 761; x_wconf 90' lang='lat' dir='ltr'><strong>nihil</strong></span> <span class='ocrx_word' id='word_1_93' title='bbox 674 724 802 761; x_wconf 90' lang='lat' dir='ltr'><strong>minus</strong></span> <span class='ocrx_word' id='word_1_94' title='bbox 836 722 1053 761; x_wconf 86' lang='lat' dir='ltr'><strong>curandum</strong></span> <span class='ocrx_word' id='word_1_95' title='bbox 1085 729 1230 773; x_wconf 90' lang='lat' dir='ltr'><strong>putem.</strong></span> <span class='ocrx_word' id='word_1_96' title='bbox 1294 723 1347 761; x_wconf 84' lang='lat' dir='ltr'><strong>M.</strong></span> <span class='ocrx_word' id='word_1_97' title='bbox 1380 722 1537 760; x_wconf 88' lang='lat' dir='ltr'><strong>Minime</strong></span> <span class='ocrx_word' id='word_1_98' title='bbox 1570 723 1712 761; x_wconf 90' lang='lat' dir='ltr'><strong>mirum</strong></span> <span class='ocrx_word' id='word_1_99' title='bbox 1744 721 1784 760; x_wconf 88' lang='lat' dir='ltr'><strong>id</strong></span> 
     </span>
     <span class='ocr_line' id='line_1_12' title="bbox 232 780 1783 833; baseline -0.001 -13"><span class='ocrx_word' id='word_1_100' title='bbox 232 782 408 833; x_wconf 82' lang='lat' dir='ltr'><strong>quidem3</strong></span> <span class='ocrx_word' id='word_1_101' title='bbox 440 793 527 820; x_wconf 87' lang='lat' dir='ltr'><strong>nam</strong></span> <span class='ocrx_word' id='word_1_102' title='bbox 563 782 682 820; x_wconf 85' lang='lat' dir='ltr'><strong>efficit</strong></span> <span class='ocrx_word' id='word_1_103' title='bbox 714 781 787 820; x_wconf 90' lang='lat' dir='ltr'><strong>hoc</strong></span> <span class='ocrx_word' id='word_1_104' title='bbox 819 781 1080 833; x_wconf 87' lang='lat' dir='ltr'><strong>philosophia:</strong></span> <span class='ocrx_word' id='word_1_105' title='bbox 1114 781 1292 820; x_wconf 86' lang='lat' dir='ltr'><strong>medetur</strong></span> <span class='ocrx_word' id='word_1_106' title='bbox 1325 783 1480 833; x_wconf 87' lang='lat' dir='ltr'><strong>animis,</strong></span> <span class='ocrx_word' id='word_1_107' title='bbox 1512 783 1648 820; x_wconf 87' lang='lat' dir='ltr'><strong>inanes</strong></span> <span class='ocrx_word' id='word_1_108' title='bbox 1681 780 1783 819; x_wconf 88' lang='lat' dir='ltr'><strong>solli-</strong></span> 
     </span>
     <span class='ocr_line' id='line_1_13' title="bbox 231 823 1786 892; baseline -0.001 -13"><span class='ocrx_word' id='word_1_109' title='bbox 231 840 426 879; x_wconf 86' lang='lat' dir='ltr'><strong>citudines</strong></span> <span class='ocrx_word' id='word_1_110' title='bbox 465 840 654 892; x_wconf 79' lang='lat' dir='ltr'><strong>detrahit,</strong></span> <span class='ocrx_word' id='word_1_111' title='bbox 693 839 974 891; x_wconf 85' lang='lat' dir='ltr'><strong>cupiditatibus</strong></span> <span class='ocrx_word' id='word_1_112' title='bbox 1006 839 1161 892; x_wconf 84' lang='lat' dir='ltr'><strong>liberat,</strong></span> <span class='ocrx_word' id='word_1_113' title='bbox 1200 840 1308 892; x_wconf 89' lang='lat' dir='ltr'><strong>pellit</strong></span> <span class='ocrx_word' id='word_1_114' title='bbox 1344 842 1517 879; x_wconf 85' lang='lat' dir='ltr'><strong>timores.</strong></span> <span class='ocrx_word' id='word_1_115' title='bbox 1580 823 1655 878; x_wconf 77' lang='lat' dir='ltr'><strong>S‘ed</strong></span> <span class='ocrx_word' id='word_1_116' title='bbox 1689 839 1786 878; x_wconf 87' lang='lat' dir='ltr'><strong>haec</strong></span> 
     </span>
     <span class='ocr_line' id='line_1_14' title="bbox 231 898 1817 951; baseline 0 -14"><span class='ocrx_word' id='word_1_117' title='bbox 231 901 316 938; x_wconf 89' lang='lat' dir='ltr'><strong>eius</strong></span> <span class='ocrx_word' id='word_1_118' title='bbox 348 901 405 937; x_wconf 89' lang='lat' dir='ltr'><strong>vis</strong></span> <span class='ocrx_word' id='word_1_119' title='bbox 438 911 516 937; x_wconf 87' lang='lat' dir='ltr'><strong>non</strong></span> <span class='ocrx_word' id='word_1_120' title='bbox 548 899 652 938; x_wconf 90' lang='lat' dir='ltr'><strong>idem</strong></span> <span class='ocrx_word' id='word_1_121' title='bbox 684 904 815 950; x_wconf 88' lang='lat' dir='ltr'><strong>potest</strong></span> <span class='ocrx_word' id='word_1_122' title='bbox 847 899 948 949; x_wconf 86' lang='lat' dir='ltr'><strong>apud</strong></span> <span class='ocrx_word' id='word_1_123' title='bbox 982 911 1134 937; x_wconf 90' lang='lat' dir='ltr'><strong>omnes:</strong></span> <span class='ocrx_word' id='word_1_124' title='bbox 1167 905 1249 937; x_wconf 89' lang='lat' dir='ltr'><strong>tum</strong></span> <span class='ocrx_word' id='word_1_125' title='bbox 1275 898 1375 937; x_wconf 86' lang='lat' dir='ltr'><strong>valet</strong></span> <span class='ocrx_word' id='word_1_126' title='bbox 1400 898 1578 951; x_wconf 87' lang='lat' dir='ltr'><strong>multum,</strong></span> <span class='ocrx_word' id='word_1_127' title='bbox 1610 910 1700 938; x_wconf 90' lang='lat' dir='ltr'><strong>cum</strong></span> <span class='ocrx_word' id='word_1_128' title='bbox 1725 903 1788 937; x_wconf 83' lang='lat' dir='ltr'><strong>est</strong></span> <span class='ocrx_word' id='word_1_129' title='bbox 1816 927 1817 944; x_wconf 48' lang='lat'>2</span> 
     </span>
     <span class='ocr_line' id='line_1_15' title="bbox 232 956 1817 1008; baseline -0.001 -11"><span class='ocrx_word' id='word_1_130' title='bbox 232 959 410 997; x_wconf 85' lang='lat' dir='ltr'><strong>idoneam</strong></span> <span class='ocrx_word' id='word_1_131' title='bbox 442 958 630 1008; x_wconf 82' lang='lat' dir='ltr'><strong>conplexa</strong></span> <span class='ocrx_word' id='word_1_132' title='bbox 668 963 858 996; x_wconf 82' lang='lat' dir='ltr'><strong>naturam.</strong></span> <span class='ocrx_word' id='word_1_133' title='bbox 921 957 1059 996; x_wconf 88' lang='lat' dir='ltr'><strong>Fortes</strong></span> <span class='ocrx_word' id='word_1_134' title='bbox 1100 959 1203 996; x_wconf 90' lang='lat' dir='ltr'><strong>enim</strong></span> <span class='ocrx_word' id='word_1_135' title='bbox 1236 969 1314 996; x_wconf 88' lang='lat' dir='ltr'><strong>non</strong></span> <span class='ocrx_word' id='word_1_136' title='bbox 1345 957 1459 996; x_wconf 90' lang='lat' dir='ltr'><strong>modo</strong></span> <span class='ocrx_word' id='word_1_137' title='bbox 1492 958 1648 996; x_wconf 83' lang='lat' dir='ltr'><strong>fortuna</strong></span> <span class='ocrx_word' id='word_1_138' title='bbox 1680 956 1788 996; x_wconf 87' lang='lat' dir='ltr'><strong>adiu-</strong></span> <span class='ocrx_word' id='word_1_139' title='bbox 1816 956 1817 994; x_wconf 65' lang='grc' dir='ltr'>ἶ</span> 
     </span>
     <span class='ocr_line' id='line_1_16' title="bbox 228 1015 1817 1068; baseline -0.001 -13"><span class='ocrx_word' id='word_1_140' title='bbox 228 1023 309 1068; x_wconf 84' lang='lat' dir='ltr'><strong>vat,</strong></span> <span class='ocrx_word' id='word_1_141' title='bbox 341 1022 386 1055; x_wconf 87' lang='lat' dir='ltr'><strong>ut</strong></span> <span class='ocrx_word' id='word_1_142' title='bbox 418 1022 478 1055; x_wconf 87' lang='lat' dir='ltr'><strong>est</strong></span> <span class='ocrx_word' id='word_1_143' title='bbox 509 1018 549 1054; x_wconf 91' lang='lat' dir='ltr'><strong>in</strong></span> <span class='ocrx_word' id='word_1_144' title='bbox 581 1022 714 1055; x_wconf 83' lang='lat' dir='ltr'><strong>vetere</strong></span> <span class='ocrx_word' id='word_1_145' title='bbox 746 1015 973 1067; x_wconf 76' lang='lat' dir='ltr'><strong>proverbio,</strong></span> <span class='ocrx_word' id='word_1_146' title='bbox 1012 1016 1080 1054; x_wconf 92' lang='lat' dir='ltr'><strong>sed</strong></span> <span class='ocrx_word' id='word_1_147' title='bbox 1113 1016 1235 1055; x_wconf 88' lang='lat' dir='ltr'><strong>multo</strong></span> <span class='ocrx_word' id='word_1_148' title='bbox 1268 1017 1389 1067; x_wconf 90' lang='lat' dir='ltr'><strong>magis</strong></span> <span class='ocrx_word' id='word_1_149' title='bbox 1421 1017 1537 1068; x_wconf 81' lang='lat' dir='ltr'><strong>ratio,</strong></span> <span class='ocrx_word' id='word_1_150' title='bbox 1570 1028 1669 1067; x_wconf 86' lang='lat' dir='ltr'><strong>quae</strong></span> <span class='ocrx_word' id='word_1_151' title='bbox 1701 1016 1786 1067; x_wconf 89' lang='lat' dir='ltr'><strong>qui·</strong></span> <span class='ocrx_word' id='word_1_152' title='bbox 1814 1050 1817 1062; x_wconf 46' lang='lat'>2</span> 
     </span>
     <span class='ocr_line' id='line_1_17' title="bbox 229 1064 1817 1126; baseline -0.001 -12"><span class='ocrx_word' id='word_1_153' title='bbox 229 1075 394 1114; x_wconf 88' lang='lat' dir='ltr'><strong>busdam</strong></span> <span class='ocrx_word' id='word_1_154' title='bbox 439 1076 549 1126; x_wconf 86' lang='lat' dir='ltr'><strong>quasi</strong></span> <span class='ocrx_word' id='word_1_155' title='bbox 594 1076 815 1126; x_wconf 84' lang='lat' dir='ltr'><strong>praeceptis</strong></span> <span class='ocrx_word' id='word_1_156' title='bbox 860 1075 1064 1113; x_wconf 87' lang='lat' dir='ltr'><strong>confirmat</strong></span> <span class='ocrx_word' id='word_1_157' title='bbox 1107 1076 1183 1113; x_wconf 89' lang='lat' dir='ltr'><strong>vim</strong></span> <span class='ocrx_word' id='word_1_158' title='bbox 1228 1074 1480 1113; x_wconf 87' lang='lat' dir='ltr'><strong>fortitudinis.</strong></span> <span class='ocrx_word' id='word_1_159' title='bbox 1548 1074 1603 1113; x_wconf 91' lang='lat' dir='ltr'><strong>Te</strong></span> <span class='ocrx_word' id='word_1_160' title='bbox 1647 1064 1817 1114; x_wconf 79' lang='lat' dir='ltr'><strong>natura&#39;</strong></span> 
     </span>
     <span class='ocr_line' id='line_1_18' title="bbox 229 1133 1786 1185; baseline -0.001 -12"><span class='ocrx_word' id='word_1_161' title='bbox 229 1134 428 1173; x_wconf 84' lang='lat' dir='ltr'><strong>excelsum</strong></span> <span class='ocrx_word' id='word_1_162' title='bbox 461 1133 655 1185; x_wconf 86' lang='lat' dir='ltr'><strong>quendam</strong></span> <span class='ocrx_word' id='word_1_163' title='bbox 686 1133 867 1172; x_wconf 85' lang='lat' dir='ltr'><strong>videlicet</strong></span> <span class='ocrx_word' id='word_1_164' title='bbox 905 1139 944 1172; x_wconf 89' lang='lat' dir='ltr'><strong>et</strong></span> <span class='ocrx_word' id='word_1_165' title='bbox 981 1133 1099 1172; x_wconf 87' lang='lat' dir='ltr'><strong>altum</strong></span> <span class='ocrx_word' id='word_1_166' title='bbox 1141 1139 1180 1172; x_wconf 90' lang='lat' dir='ltr'><strong>et</strong></span> <span class='ocrx_word' id='word_1_167' title='bbox 1210 1133 1378 1172; x_wconf 90' lang='lat' dir='ltr'><strong>humana</strong></span> <span class='ocrx_word' id='word_1_168' title='bbox 1411 1133 1690 1184; x_wconf 86' lang='lat' dir='ltr'><strong>despicientem</strong></span> <span class='ocrx_word' id='word_1_169' title='bbox 1722 1145 1786 1184; x_wconf 88' lang='lat' dir='ltr'><strong>ge-</strong></span> 
     </span>
     <span class='ocr_line' id='line_1_19' title="bbox 229 1191 1788 1245; baseline -0.001 -13"><span class='ocrx_word' id='word_1_170' title='bbox 229 1195 332 1245; x_wconf 84' lang='lat' dir='ltr'><strong>nuit3</strong></span> <span class='ocrx_word' id='word_1_171' title='bbox 377 1195 508 1243; x_wconf 89' lang='lat' dir='ltr'><strong>itaque</strong></span> <span class='ocrx_word' id='word_1_172' title='bbox 550 1193 661 1231; x_wconf 83' lang='lat' dir='ltr'><strong>facile</strong></span> <span class='ocrx_word' id='word_1_173' title='bbox 704 1195 743 1231; x_wconf 90' lang='lat' dir='ltr'><strong>in</strong></span> <span class='ocrx_word' id='word_1_174' title='bbox 785 1194 912 1230; x_wconf 90' lang='lat' dir='ltr'><strong>animo</strong></span> <span class='ocrx_word' id='word_1_175' title='bbox 955 1192 1047 1231; x_wconf 83' lang='lat' dir='ltr'><strong>forti</strong></span> <span class='ocrx_word' id='word_1_176' title='bbox 1088 1198 1222 1231; x_wconf 88' lang='lat' dir='ltr'><strong>contra</strong></span> <span class='ocrx_word' id='word_1_177' title='bbox 1264 1198 1431 1231; x_wconf 91' lang='lat' dir='ltr'><strong>mortem</strong></span> <span class='ocrx_word' id='word_1_178' title='bbox 1471 1192 1601 1231; x_wconf 86' lang='lat' dir='ltr'><strong>habita</strong></span> <span class='ocrx_word' id='word_1_179' title='bbox 1642 1191 1788 1231; x_wconf 85' lang='lat' dir='ltr'><strong>insedit</strong></span> 
     </span>
     <span class='ocr_line' id='line_1_20' title="bbox 230 1251 1787 1302; baseline -0.001 -12"><span class='ocrx_word' id='word_1_180' title='bbox 230 1253 366 1291; x_wconf 87' lang='lat' dir='ltr'><strong>oratio.</strong></span> <span class='ocrx_word' id='word_1_181' title='bbox 430 1252 505 1291; x_wconf 86' lang='lat' dir='ltr'><strong>Sed</strong></span> <span class='ocrx_word' id='word_1_182' title='bbox 544 1252 639 1290; x_wconf 87' lang='lat' dir='ltr'><strong>haec</strong></span> <span class='ocrx_word' id='word_1_183' title='bbox 678 1251 814 1290; x_wconf 84' lang='lat' dir='ltr'><strong>eadem</strong></span> <span class='ocrx_word' id='word_1_184' title='bbox 852 1263 945 1290; x_wconf 90' lang='lat' dir='ltr'><strong>num</strong></span> <span class='ocrx_word' id='word_1_185' title='bbox 986 1263 1123 1290; x_wconf 88' lang='lat' dir='ltr'><strong>censes</strong></span> <span class='ocrx_word' id='word_1_186' title='bbox 1162 1251 1263 1302; x_wconf 89' lang='lat' dir='ltr'><strong>apud</strong></span> <span class='ocrx_word' id='word_1_187' title='bbox 1303 1263 1369 1289; x_wconf 88' lang='lat' dir='ltr'><strong>eos</strong></span> <span class='ocrx_word' id='word_1_188' title='bbox 1407 1253 1513 1302; x_wconf 91' lang='lat' dir='ltr'><strong>ipsos</strong></span> <span class='ocrx_word' id='word_1_189' title='bbox 1544 1251 1672 1290; x_wconf 90' lang='lat' dir='ltr'><strong>valere</strong></span> <span class='ocrx_word' id='word_1_190' title='bbox 1710 1251 1787 1289; x_wconf 91' lang='lat' dir='ltr'><strong>nisi</strong></span> 
     </span>
     <span class='ocr_line' id='line_1_21' title="bbox 230 1306 1788 1363; baseline -0.001 -14"><span class='ocrx_word' id='word_1_191' title='bbox 230 1310 438 1349; x_wconf 92' lang='lat' dir='ltr'><strong>admodum</strong></span> <span class='ocrx_word' id='word_1_192' title='bbox 476 1323 640 1363; x_wconf 81' lang='lat' dir='ltr'><strong>paucoS‚</strong></span> <span class='ocrx_word' id='word_1_193' title='bbox 688 1322 708 1348; x_wconf 91' lang='lat' dir='ltr'><strong>a</strong></span> <span class='ocrx_word' id='word_1_194' title='bbox 747 1309 890 1361; x_wconf 88' lang='lat' dir='ltr'><strong>quibus</strong></span> <span class='ocrx_word' id='word_1_195' title='bbox 933 1312 1107 1362; x_wconf 83' lang='lat' dir='ltr'><strong>inventa,</strong></span> <span class='ocrx_word' id='word_1_196' title='bbox 1151 1310 1363 1362; x_wconf 82' lang='lat' dir='ltr'><strong>disputata,</strong></span> <span class='ocrx_word' id='word_1_197' title='bbox 1405 1311 1628 1361; x_wconf 87' lang='lat' dir='ltr'><strong>conscripta</strong></span> <span class='ocrx_word' id='word_1_198' title='bbox 1665 1306 1788 1349; x_wconf 82' lang='lat' dir='ltr'><strong>sunt?</strong></span> 
     </span>
     <span class='ocr_line' id='line_1_22' title="bbox 230 1369 1787 1420; baseline -0.001 -12"><span class='ocrx_word' id='word_1_199' title='bbox 230 1369 382 1415; x_wconf 88' lang='lat' dir='ltr'><strong>Quotus</strong></span> <span class='ocrx_word' id='word_1_200' title='bbox 416 1371 520 1409; x_wconf 91' lang='lat' dir='ltr'><strong>enim</strong></span> <span class='ocrx_word' id='word_1_201' title='bbox 554 1371 720 1420; x_wconf 89' lang='lat' dir='ltr'><strong>quisque</strong></span> <span class='ocrx_word' id='word_1_202' title='bbox 747 1369 1068 1420; x_wconf 86' lang='lat' dir='ltr'><strong>philosophorum</strong></span> <span class='ocrx_word' id='word_1_203' title='bbox 1094 1371 1303 1420; x_wconf 80' lang='lat' dir='ltr'><strong>invenitur,</strong></span> <span class='ocrx_word' id='word_1_204' title='bbox 1336 1370 1402 1419; x_wconf 93' lang='lat' dir='ltr'><strong>qui</strong></span> <span class='ocrx_word' id='word_1_205' title='bbox 1435 1370 1486 1408; x_wconf 86' lang='lat' dir='ltr'><strong>sit</strong></span> <span class='ocrx_word' id='word_1_206' title='bbox 1517 1371 1569 1408; x_wconf 88' lang='lat' dir='ltr'><strong>ita</strong></span> <span class='ocrx_word' id='word_1_207' title='bbox 1601 1374 1787 1420; x_wconf 83' lang='lat' dir='ltr'><strong>moratus,</strong></span> 
     </span>
     <span class='ocr_line' id='line_1_23' title="bbox 232 1426 1786 1479; baseline -0.001 -12"><span class='ocrx_word' id='word_1_208' title='bbox 232 1430 283 1467; x_wconf 90' lang='lat' dir='ltr'><strong>ita</strong></span> <span class='ocrx_word' id='word_1_209' title='bbox 322 1430 450 1467; x_wconf 90' lang='lat' dir='ltr'><strong>animo</strong></span> <span class='ocrx_word' id='word_1_210' title='bbox 489 1441 532 1467; x_wconf 88' lang='lat' dir='ltr'><strong>ac</strong></span> <span class='ocrx_word' id='word_1_211' title='bbox 570 1430 646 1467; x_wconf 84' lang='lat' dir='ltr'><strong>vita</strong></span> <span class='ocrx_word' id='word_1_212' title='bbox 687 1429 942 1479; x_wconf 81' lang='lat' dir='ltr'><strong>constitutus,</strong></span> <span class='ocrx_word' id='word_1_213' title='bbox 983 1433 1027 1466; x_wconf 87' lang='lat' dir='ltr'><strong>ut</strong></span> <span class='ocrx_word' id='word_1_214' title='bbox 1063 1430 1161 1467; x_wconf 89' lang='lat' dir='ltr'><strong>ratio</strong></span> <span class='ocrx_word' id='word_1_215' title='bbox 1200 1426 1398 1479; x_wconf 75' lang='lat' dir='ltr'><strong>postulat?</strong></span> <span class='ocrx_word' id='word_1_216' title='bbox 1442 1429 1509 1478; x_wconf 88' lang='lat' dir='ltr'><strong>qui</strong></span> <span class='ocrx_word' id='word_1_217' title='bbox 1541 1427 1786 1479; x_wconf 85' lang='lat' dir='ltr'><strong>disciplinam</strong></span> 
     </span>
     <span class='ocr_line' id='line_1_24' title="bbox 232 1484 1786 1538; baseline -0.001 -12"><span class='ocrx_word' id='word_1_218' title='bbox 232 1499 341 1526; x_wconf 89' lang='lat' dir='ltr'><strong>suam</strong></span> <span class='ocrx_word' id='word_1_219' title='bbox 376 1500 454 1526; x_wconf 88' lang='lat' dir='ltr'><strong>non</strong></span> <span class='ocrx_word' id='word_1_220' title='bbox 486 1489 788 1526; x_wconf 88' lang='lat' dir='ltr'><strong>ostentationem</strong></span> <span class='ocrx_word' id='word_1_221' title='bbox 821 1488 1018 1538; x_wconf 81' lang='lat' dir='ltr'><strong>scientiae,</strong></span> <span class='ocrx_word' id='word_1_222' title='bbox 1052 1486 1119 1525; x_wconf 92' lang='lat' dir='ltr'><strong>sed</strong></span> <span class='ocrx_word' id='word_1_223' title='bbox 1151 1487 1277 1537; x_wconf 87' lang='lat' dir='ltr'><strong>legem</strong></span> <span class='ocrx_word' id='word_1_224' title='bbox 1309 1488 1407 1525; x_wconf 80' lang='lat' dir='ltr'><strong>vitae</strong></span> <span class='ocrx_word' id='word_1_225' title='bbox 1440 1484 1580 1538; x_wconf 78' lang='lat' dir='ltr'><strong>putet?</strong></span> <span class='ocrx_word' id='word_1_226' title='bbox 1621 1488 1687 1538; x_wconf 91' lang='lat' dir='ltr'><strong>qui</strong></span> <span class='ocrx_word' id='word_1_227' title='bbox 1719 1485 1786 1524; x_wconf 92' lang='lat' dir='ltr'><strong>ob-</strong></span> 
     </span>
     <span class='ocr_line' id='line_1_25' title="bbox 174 1543 1787 1597; baseline -0.001 -12"><span class='ocrx_word' id='word_1_228' title='bbox 174 1553 428 1597; x_wconf 77' lang='lat' dir='ltr'><strong>12tempe1·et</strong></span> <span class='ocrx_word' id='word_1_229' title='bbox 459 1548 542 1597; x_wconf 88' lang='lat' dir='ltr'><strong>ipse</strong></span> <span class='ocrx_word' id='word_1_230' title='bbox 575 1545 649 1584; x_wconf 90' lang='lat' dir='ltr'><strong>sibi</strong></span> <span class='ocrx_word' id='word_1_231' title='bbox 682 1552 720 1584; x_wconf 87' lang='lat' dir='ltr'><strong>et</strong></span> <span class='ocrx_word' id='word_1_232' title='bbox 751 1545 921 1584; x_wconf 88' lang='lat' dir='ltr'><strong>decretis</strong></span> <span class='ocrx_word' id='word_1_233' title='bbox 953 1547 1035 1584; x_wconf 91' lang='lat' dir='ltr'><strong>suis</strong></span> <span class='ocrx_word' id='word_1_234' title='bbox 1066 1543 1229 1597; x_wconf 75' lang='lat' dir='ltr'><strong>pareat?</strong></span> <span class='ocrx_word' id='word_1_235' title='bbox 1277 1545 1417 1584; x_wconf 75' lang='lat' dir='ltr'><strong>Videre</strong></span> <span class='ocrx_word' id='word_1_236' title='bbox 1442 1546 1534 1584; x_wconf 87' lang='lat' dir='ltr'><strong>licet</strong></span> <span class='ocrx_word' id='word_1_237' title='bbox 1559 1545 1654 1584; x_wconf 88' lang='lat' dir='ltr'><strong>alios</strong></span> <span class='ocrx_word' id='word_1_238' title='bbox 1680 1550 1787 1584; x_wconf 85' lang='lat' dir='ltr'><strong>tanta</strong></span> 
     </span>
     <span class='ocr_line' id='line_1_26' title="bbox 233 1603 1786 1656; baseline 0 -13"><span class='ocrx_word' id='word_1_239' title='bbox 233 1605 387 1644; x_wconf 86' lang='lat' dir='ltr'><strong>levitate</strong></span> <span class='ocrx_word' id='word_1_240' title='bbox 420 1611 459 1643; x_wconf 89' lang='lat' dir='ltr'><strong>et</strong></span> <span class='ocrx_word' id='word_1_241' title='bbox 490 1607 709 1656; x_wconf 83' lang='lat' dir='ltr'><strong>iactatione,</strong></span> <span class='ocrx_word' id='word_1_242' title='bbox 741 1610 786 1643; x_wconf 88' lang='lat' dir='ltr'><strong>ut</strong></span> <span class='ocrx_word' id='word_1_243' title='bbox 816 1606 863 1643; x_wconf 88' lang='lat' dir='ltr'><strong>iis</strong></span> <span class='ocrx_word' id='word_1_244' title='bbox 896 1605 1015 1643; x_wconf 82' lang='lat' dir='ltr'><strong>fuerit</strong></span> <span class='ocrx_word' id='word_1_245' title='bbox 1046 1617 1124 1642; x_wconf 90' lang='lat' dir='ltr'><strong>non</strong></span> <span class='ocrx_word' id='word_1_246' title='bbox 1151 1604 1332 1643; x_wconf 87' lang='lat' dir='ltr'><strong>didicisse</strong></span> <span class='ocrx_word' id='word_1_247' title='bbox 1360 1603 1516 1656; x_wconf 83' lang='lat' dir='ltr'><strong>melius;</strong></span> <span class='ocrx_word' id='word_1_248' title='bbox 1548 1604 1643 1643; x_wconf 91' lang='lat' dir='ltr'><strong>alios</strong></span> <span class='ocrx_word' id='word_1_249' title='bbox 1668 1616 1786 1656; x_wconf 87' lang='lat' dir='ltr'><strong>pecu·</strong></span> 
     </span>
     <span class='ocr_line' id='line_1_27' title="bbox 231 1663 1785 1716; baseline 0 -14"><span class='ocrx_word' id='word_1_250' title='bbox 231 1666 317 1703; x_wconf 90' lang='lat' dir='ltr'><strong>niae</strong></span> <span class='ocrx_word' id='word_1_251' title='bbox 351 1663 526 1716; x_wconf 85' lang='lat' dir='ltr'><strong>cupidos,</strong></span> <span class='ocrx_word' id='word_1_252' title='bbox 559 1664 703 1715; x_wconf 89' lang='lat' dir='ltr'><strong>gloriae</strong></span> <span class='ocrx_word' id='word_1_253' title='bbox 736 1675 814 1702; x_wconf 88' lang='lat' dir='ltr'><strong>non</strong></span> <span class='ocrx_word' id='word_1_254' title='bbox 847 1663 992 1715; x_wconf 84' lang='lat' dir='ltr'><strong>nullos,</strong></span> <span class='ocrx_word' id='word_1_255' title='bbox 1025 1663 1168 1702; x_wconf 89' lang='lat' dir='ltr'><strong>multos</strong></span> <span class='ocrx_word' id='word_1_256' title='bbox 1200 1663 1405 1701; x_wconf 90' lang='lat' dir='ltr'><strong>libidinum</strong></span> <span class='ocrx_word' id='word_1_257' title='bbox 1438 1675 1590 1716; x_wconf 85' lang='lat' dir='ltr'><strong>servos,</strong></span> <span class='ocrx_word' id='word_1_258' title='bbox 1621 1670 1665 1702; x_wconf 88' lang='lat' dir='ltr'><strong>ut</strong></span> <span class='ocrx_word' id='word_1_259' title='bbox 1696 1674 1785 1702; x_wconf 86' lang='lat' dir='ltr'><strong>cum</strong></span> 
     </span>
     <span class='ocr_line' id='line_1_28' title="bbox 232 1721 1788 1774; baseline 0 -13"><span class='ocrx_word' id='word_1_260' title='bbox 232 1735 370 1762; x_wconf 87' lang='lat' dir='ltr'><strong>eorum</strong></span> <span class='ocrx_word' id='word_1_261' title='bbox 401 1724 478 1761; x_wconf 90' lang='lat' dir='ltr'><strong>vita</strong></span> <span class='ocrx_word' id='word_1_262' title='bbox 512 1722 741 1761; x_wconf 81' lang='lat' dir='ltr'><strong>mirabiliter</strong></span> <span class='ocrx_word' id='word_1_263' title='bbox 774 1727 922 1774; x_wconf 85' lang='lat' dir='ltr'><strong>pugnet</strong></span> <span class='ocrx_word' id='word_1_264' title='bbox 953 1724 1087 1761; x_wconf 88' lang='lat' dir='ltr'><strong>oratio.</strong></span> <span class='ocrx_word' id='word_1_265' title='bbox 1151 1721 1262 1767; x_wconf 88' lang='lat' dir='ltr'><strong>Quod</strong></span> <span class='ocrx_word' id='word_1_266' title='bbox 1306 1722 1463 1773; x_wconf 90' lang='lat' dir='ltr'><strong>quidem</strong></span> <span class='ocrx_word' id='word_1_267' title='bbox 1501 1722 1597 1761; x_wconf 92' lang='lat' dir='ltr'><strong>mihi</strong></span> <span class='ocrx_word' id='word_1_268' title='bbox 1633 1721 1788 1761; x_wconf 86' lang='lat' dir='ltr'><strong>videtur</strong></span> 
     </span>
     <span class='ocr_line' id='line_1_29' title="bbox 232 1781 1788 1833; baseline 0 -13"><span class='ocrx_word' id='word_1_269' title='bbox 232 1794 317 1820; x_wconf 90' lang='lat' dir='ltr'><strong>esse</strong></span> <span class='ocrx_word' id='word_1_270' title='bbox 363 1783 647 1833; x_wconf 87' lang='lat' dir='ltr'><strong>turpissimum.</strong></span> <span class='ocrx_word' id='word_1_271' title='bbox 709 1781 761 1820; x_wconf 91' lang='lat' dir='ltr'><strong>Ut</strong></span> <span class='ocrx_word' id='word_1_272' title='bbox 804 1783 908 1820; x_wconf 90' lang='lat' dir='ltr'><strong>enim</strong></span> <span class='ocrx_word' id='word_1_273' title='bbox 954 1783 987 1820; x_wconf 91' lang='lat' dir='ltr'><strong>si</strong></span> <span class='ocrx_word' id='word_1_274' title='bbox 1024 1782 1319 1832; x_wconf 87' lang='lat' dir='ltr'><strong>grammaticum</strong></span> <span class='ocrx_word' id='word_1_275' title='bbox 1364 1794 1405 1820; x_wconf 88' lang='lat' dir='ltr'><strong>se</strong></span> <span class='ocrx_word' id='word_1_276' title='bbox 1441 1782 1644 1833; x_wconf 83' lang='lat' dir='ltr'><strong>professus</strong></span> <span class='ocrx_word' id='word_1_277' title='bbox 1682 1782 1788 1832; x_wconf 87' lang='lat' dir='ltr'><strong>quis—</strong></span> 
     </span>
    </p>
   </div>
   <div class='ocr_carea' id='block_1_3' title="bbox 230 1906 974 2138">
    <p class='ocr_par' dir='ltr' id='par_1_3' title="bbox 230 1906 974 2138">
     <span class='ocr_line' id='line_1_30' title="bbox 230 1906 777 1951; baseline 0 -10"><span class='ocrx_word' id='word_1_278' title='bbox 230 1907 346 1941; x_wconf 73' lang='lat' dir='ltr'><strong>hoher</strong></span> <span class='ocrx_word' id='word_1_279' title='bbox 371 1906 548 1951; x_wconf 86' lang='lat' dir='ltr'><strong>gelegene</strong></span> <span class='ocrx_word' id='word_1_280' title='bbox 575 1907 713 1941; x_wconf 76' lang='lat' dir='ltr'><strong>nannte</strong></span> <span class='ocrx_word' id='word_1_281' title='bbox 739 1917 777 1941; x_wconf 90' lang='lat' dir='ltr'><strong>er</strong></span> 
     </span>
     <span class='ocr_line' id='line_1_31' title="bbox 231 1953 971 1996; baseline 0 -8"><span class='ocrx_word' id='word_1_282' title='bbox 231 1954 296 1988; x_wconf 82' lang='lat' dir='ltr'><strong>das</strong></span> <span class='ocrx_word' id='word_1_283' title='bbox 328 1953 478 1988; x_wconf 88' lang='lat' dir='ltr'><strong>niedere</strong></span> <span class='ocrx_word' id='word_1_284' title='bbox 510 1954 726 1996; x_wconf 81' lang='lat' dir='ltr'><strong>Academia,</strong></span> <span class='ocrx_word' id='word_1_285' title='bbox 768 1953 883 1987; x_wconf 86' lang='lat' dir='ltr'><strong>daher</strong></span> <span class='ocrx_word' id='word_1_286' title='bbox 914 1954 971 1988; x_wconf 87' lang='lat' dir='ltr'><strong>de-</strong></span> 
     </span>
     <span class='ocr_line' id='line_1_32' title="bbox 230 2000 972 2044; baseline -0.001 -9"><span class='ocrx_word' id='word_1_287' title='bbox 230 2002 431 2036; x_wconf 80' lang='lat' dir='ltr'><strong>scendimus</strong></span> <span class='ocrx_word' id='word_1_288' title='bbox 456 2001 516 2044; x_wconf 83' lang='lat' dir='ltr'><strong>(de</strong></span> <span class='ocrx_word' id='word_1_289' title='bbox 542 2001 613 2035; x_wconf 82' lang='lat' dir='ltr'><strong>div.</strong></span> <span class='ocrx_word' id='word_1_290' title='bbox 636 2001 651 2034; x_wconf 95' lang='grc' dir='ltr'>Ι</span> <span class='ocrx_word' id='word_1_291' title='bbox 672 2005 704 2042; x_wconf 85' lang='grc'><strong>5,</strong></span> <span class='ocrx_word' id='word_1_292' title='bbox 726 2002 772 2044; x_wconf 84' lang='lat'><strong>8).</strong></span> <span class='ocrx_word' id='word_1_293' title='bbox 815 2000 885 2034; x_wconf 87' lang='lat' dir='ltr'><strong>Ein</strong></span> <span class='ocrx_word' id='word_1_294' title='bbox 911 2001 972 2035; x_wconf 88' lang='lat' dir='ltr'><strong>be-</strong></span> 
     </span>
     <span class='ocr_line' id='line_1_33' title="bbox 230 2047 974 2093; baseline -0.001 -11"><span class='ocrx_word' id='word_1_295' title='bbox 230 2048 384 2083; x_wconf 76' lang='lat' dir='ltr'><strong>deekter</strong></span> <span class='ocrx_word' id='word_1_296' title='bbox 410 2047 517 2093; x_wconf 81' lang='lat' dir='ltr'><strong>Gang</strong></span> <span class='ocrx_word' id='word_1_297' title='bbox 548 2049 617 2082; x_wconf 76' lang='lat' dir='ltr'><strong>mit,</strong></span> <span class='ocrx_word' id='word_1_298' title='bbox 643 2048 882 2089; x_wconf 72' lang='lat' dir='ltr'><strong>Ruhesitzen,</strong></span> <span class='ocrx_word' id='word_1_299' title='bbox 909 2047 974 2082; x_wconf 85' lang='lat' dir='ltr'><strong>der</strong></span> 
     </span>
     <span class='ocr_line' id='line_1_34' title="bbox 231 2094 971 2138; baseline -0.003 -8"><span class='ocrx_word' id='word_1_300' title='bbox 231 2095 312 2130; x_wconf 88' lang='lat' dir='ltr'><strong>eine</strong></span> <span class='ocrx_word' id='word_1_301' title='bbox 344 2094 561 2130; x_wconf 76' lang='lat' dir='ltr'><strong>Bibliothek</strong></span> <span class='ocrx_word' id='word_1_302' title='bbox 592 2095 767 2138; x_wconf 75' lang='lat' dir='ltr'><strong>enthielt,</strong></span> <span class='ocrx_word' id='word_1_303' title='bbox 806 2095 971 2129; x_wconf 73' lang='lat' dir='ltr'><strong>sehfitzte</strong></span> 
     </span>
    </p>
   </div>
   <div class='ocr_carea' id='block_1_4' title="bbox 802 1906 1786 2082">
    <p class='ocr_par' dir='ltr' id='par_1_4' title="bbox 802 1906 1786 1997">
     <span class='ocr_line' id='line_1_35' title="bbox 802 1906 1786 1952; baseline 0.002 -12"><span class='ocrx_word' id='word_1_304' title='bbox 802 1906 972 1952; x_wconf 71' lang='lat' dir='ltr'><strong>Lyceum,</strong></span> <span class='ocrx_word' id='word_1_305' title='bbox 1045 1907 1105 1940; x_wconf 85' lang='lat' dir='ltr'><strong>sed</strong></span> <span class='ocrx_word' id='word_1_306' title='bbox 1129 1907 1219 1940; x_wconf 78' lang='lat' dir='ltr'><strong>mihi</strong></span> <span class='ocrx_word' id='word_1_307' title='bbox 1242 1907 1379 1950; x_wconf 81' lang='lat' dir='ltr'><strong>sumpsi</strong></span> <span class='ocrx_word' id='word_1_308' title='bbox 1403 1907 1467 1941; x_wconf 82' lang='lat' dir='ltr'><strong>hoc</strong></span> <span class='ocrx_word' id='word_1_309' title='bbox 1489 1907 1564 1942; x_wconf 86' lang='lat' dir='ltr'><strong>loco</strong></span> <span class='ocrx_word' id='word_1_310' title='bbox 1582 1907 1786 1942; x_wconf 75' lang='lat' dir='ltr'><strong>doctrinam</strong></span> 
     </span>
     <span class='ocr_line' id='line_1_36' title="bbox 1045 1954 1443 1997; baseline 0.003 -10"><span class='ocrx_word' id='word_1_311' title='bbox 1045 1954 1230 1997; x_wconf 79' lang='lat' dir='ltr'><strong>quandam</strong></span> <span class='ocrx_word' id='word_1_312' title='bbox 1254 1954 1443 1988; x_wconf 78' lang='lat' dir='ltr'><strong>iuventuti.</strong></span> 
     </span>
    </p>

    <p class='ocr_par' dir='ltr' id='par_1_5' title="bbox 1044 2001 1786 2082">
     <span class='ocr_line' id='line_1_37' title="bbox 1096 2001 1786 2036; baseline 0.001 -2"><span class='ocrx_word' id='word_1_313' title='bbox 1096 2004 1147 2034; x_wconf 93' lang='lat'><strong>11.</strong></span> <span class='ocrx_word' id='word_1_314' title='bbox 1193 2001 1352 2035; x_wconf 84' lang='lat' dir='ltr'><strong>medetur</strong></span> <span class='ocrx_word' id='word_1_315' title='bbox 1395 2001 1529 2035; x_wconf 82' lang='lat' dir='ltr'><strong>animis</strong></span> <span class='ocrx_word' id='word_1_316' title='bbox 1574 2001 1642 2036; x_wconf 72' lang='lat' dir='ltr'><strong>cet..</strong></span> <span class='ocrx_word' id='word_1_317' title='bbox 1697 2001 1786 2036; x_wconf 84' lang='lat' dir='ltr'><strong>Man</strong></span> 
     </span>
     <span class='ocr_line' id='line_1_38' title="bbox 1044 2047 1526 2082; baseline 0 0"><span class='ocrx_word' id='word_1_318' title='bbox 1044 2047 1202 2082; x_wconf 84' lang='lat' dir='ltr'><strong>beachte</strong></span> <span class='ocrx_word' id='word_1_319' title='bbox 1229 2048 1299 2082; x_wconf 90' lang='lat' dir='ltr'><strong>den</strong></span> <span class='ocrx_word' id='word_1_320' title='bbox 1326 2048 1526 2082; x_wconf 84' lang='lat' dir='ltr'><strong>Chiasmns.</strong></span> 
     </span>
    </p>
   </div>
   <div class='ocr_carea' id='block_1_5' title="bbox 1092 2095 1788 2139">
    <p class='ocr_par' dir='ltr' id='par_1_6' title="bbox 1092 2095 1788 2139">
     <span class='ocr_line' id='line_1_39' title="bbox 1092 2095 1788 2139; baseline 0.001 -10"><span class='ocrx_word' id='word_1_321' title='bbox 1092 2095 1266 2129; x_wconf 71' lang='lat' dir='ltr'><strong>excelsum</strong></span> <span class='ocrx_word' id='word_1_322' title='bbox 1303 2096 1498 2139; x_wconf 75' lang='lat' dir='ltr'><strong>quendam:</strong></span> <span class='ocrx_word' id='word_1_323' title='bbox 1539 2095 1688 2139; x_wconf 80' lang='lat' dir='ltr'><strong>quidam</strong></span> <span class='ocrx_word' id='word_1_324' title='bbox 1724 2095 1788 2130; x_wconf 86' lang='lat' dir='ltr'><strong>be·</strong></span> 
     </span>
    </p>
   </div>
   <div class='ocr_carea' id='block_1_6' title="bbox 229 2142 975 2893">
    <p class='ocr_par' dir='ltr' id='par_1_7' title="bbox 229 2142 975 2893">
     <span class='ocr_line' id='line_1_40' title="bbox 231 2142 973 2187; baseline -0.003 -10"><span class='ocrx_word' id='word_1_325' title='bbox 231 2142 398 2187; x_wconf 88' lang='lat' dir='ltr'><strong>zugleieh</strong></span> <span class='ocrx_word' id='word_1_326' title='bbox 420 2153 540 2187; x_wconf 85' lang='lat' dir='ltr'><strong>gegen</strong></span> <span class='ocrx_word' id='word_1_327' title='bbox 557 2142 622 2176; x_wconf 79' lang='lat' dir='ltr'><strong>das</strong></span> <span class='ocrx_word' id='word_1_328' title='bbox 637 2142 783 2177; x_wconf 73' lang='lat' dir='ltr'><strong>Wetter</strong></span> <span class='ocrx_word' id='word_1_329' title='bbox 801 2142 876 2176; x_wconf 89' lang='lat' dir='ltr'><strong>und</strong></span> <span class='ocrx_word' id='word_1_330' title='bbox 896 2152 973 2176; x_wconf 83' lang='lat' dir='ltr'><strong>war</strong></span> 
     </span>
     <span class='ocr_line' id='line_1_41' title="bbox 231 2188 973 2233; baseline 0 -10"><span class='ocrx_word' id='word_1_331' title='bbox 231 2190 300 2224; x_wconf 80' lang='lat' dir='ltr'><strong>mit</strong></span> <span class='ocrx_word' id='word_1_332' title='bbox 323 2190 496 2233; x_wconf 67' lang='lat' dir='ltr'><strong>Statum,</strong></span> <span class='ocrx_word' id='word_1_333' title='bbox 525 2189 729 2224; x_wconf 72' lang='lat' dir='ltr'><strong>Gemfflden</strong></span> <span class='ocrx_word' id='word_1_334' title='bbox 750 2189 825 2223; x_wconf 89' lang='lat' dir='ltr'><strong>und</strong></span> <span class='ocrx_word' id='word_1_335' title='bbox 851 2188 973 2223; x_wconf 86' lang='lat' dir='ltr'><strong>ausser</strong></span> 
     </span>
     <span class='ocr_line' id='line_1_42' title="bbox 231 2236 972 2271; baseline 0 -1"><span class='ocrx_word' id='word_1_336' title='bbox 231 2236 628 2271; x_wconf 84' lang='lat' dir='ltr'><strong>anderenBildwerken</strong></span> <span class='ocrx_word' id='word_1_337' title='bbox 637 2237 706 2271; x_wconf 77' lang='lat' dir='ltr'><strong>mit</strong></span> <span class='ocrx_word' id='word_1_338' title='bbox 716 2236 835 2271; x_wconf 87' lang='lat' dir='ltr'><strong>einem</strong></span> <span class='ocrx_word' id='word_1_339' title='bbox 843 2236 972 2270; x_wconf 67' lang='grc'>11111181,-</span> 
     </span>
     <span class='ocr_line' id='line_1_43' title="bbox 230 2283 970 2328; baseline -0.001 -10"><span class='ocrx_word' id='word_1_340' title='bbox 230 2283 353 2318; x_wconf 85' lang='lat' dir='ltr'><strong>lichen</strong></span> <span class='ocrx_word' id='word_1_341' title='bbox 383 2283 685 2318; x_wconf 82' lang='lat' dir='ltr'><strong>Brunnendeekel</strong></span> <span class='ocrx_word' id='word_1_342' title='bbox 717 2283 970 2328; x_wconf 77' lang='lat' dir='ltr'><strong>geschmiickt.</strong></span> 
     </span>
     <span class='ocr_line' id='line_1_44' title="bbox 277 2331 922 2375; baseline 0 -11"><span class='ocrx_word' id='word_1_343' title='bbox 277 2341 352 2365; x_wconf 88' lang='lat' dir='ltr'><strong>non</strong></span> <span class='ocrx_word' id='word_1_344' title='bbox 377 2332 482 2375; x_wconf 76' lang='lat' dir='ltr'><strong>quasi</strong></span> <span class='ocrx_word' id='word_1_345' title='bbox 507 2334 711 2373; x_wconf 79' lang='lat' dir='ltr'><strong>narrantes,</strong></span> <span class='ocrx_word' id='word_1_346' title='bbox 737 2342 764 2366; x_wconf 79' lang='lat' dir='ltr'><strong>S.</strong></span> <span class='ocrx_word' id='word_1_347' title='bbox 791 2331 806 2365; x_wconf 95' lang='lat' dir='ltr'>I</span> <span class='ocrx_word' id='word_1_348' title='bbox 832 2335 865 2373; x_wconf 88' lang='lat'><strong>4,</strong></span> <span class='ocrx_word' id='word_1_349' title='bbox 890 2333 922 2364; x_wconf 85' lang='lat'><strong>8.</strong></span> 
     </span>
     <span class='ocr_line' id='line_1_45' title="bbox 278 2377 971 2422; baseline -0.001 -10"><span class='ocrx_word' id='word_1_350' title='bbox 278 2377 369 2422; x_wconf 63' lang='grc' dir='ltr'><strong>Καρ.</strong></span> <span class='ocrx_word' id='word_1_351' title='bbox 397 2377 434 2412; x_wconf 83' lang='lat'><strong>4.</strong></span> <span class='ocrx_word' id='word_1_352' title='bbox 470 2382 522 2412; x_wconf 87' lang='grc'><strong>10.</strong></span> <span class='ocrx_word' id='word_1_353' title='bbox 550 2379 711 2420; x_wconf 81' lang='lat' dir='ltr'><strong>adiutus,</strong></span> <span class='ocrx_word' id='word_1_354' title='bbox 739 2377 971 2422; x_wconf 73' lang='lat' dir='ltr'><strong>‘gesordert’,</strong></span> 
     </span>
     <span class='ocr_line' id='line_1_46' title="bbox 231 2424 804 2459; baseline -0.002 0"><span class='ocrx_word' id='word_1_355' title='bbox 231 2425 394 2459; x_wconf 63' lang='lat' dir='ltr'><strong>niimlich</strong></span> <span class='ocrx_word' id='word_1_356' title='bbox 418 2425 457 2459; x_wconf 89' lang='lat' dir='ltr'><strong>in</strong></span> <span class='ocrx_word' id='word_1_357' title='bbox 483 2424 547 2458; x_wconf 88' lang='lat' dir='ltr'><strong>der</strong></span> <span class='ocrx_word' id='word_1_358' title='bbox 572 2425 804 2459; x_wconf 74' lang='lat' dir='ltr'><strong>Erkenntnis.</strong></span> 
     </span>
     <span class='ocr_line' id='line_1_47' title="bbox 279 2471 972 2517; baseline -0.001 -10"><span class='ocrx_word' id='word_1_359' title='bbox 279 2472 455 2517; x_wconf 71' lang='lat' dir='ltr'><strong>coyitanti</strong></span> <span class='ocrx_word' id='word_1_360' title='bbox 479 2471 530 2505; x_wconf 73' lang='lat' dir='ltr'><strong>ist</strong></span> <span class='ocrx_word' id='word_1_361' title='bbox 558 2471 662 2506; x_wconf 71' lang='lat' dir='ltr'><strong>nieht]</strong></span> <span class='ocrx_word' id='word_1_362' title='bbox 688 2472 757 2506; x_wconf 75' lang='lat' dir='ltr'><strong>mit</strong></span> <span class='ocrx_word' id='word_1_363' title='bbox 781 2472 903 2506; x_wconf 85' lang='lat' dir='ltr'><strong>animo</strong></span> <span class='ocrx_word' id='word_1_364' title='bbox 930 2484 972 2506; x_wconf 89' lang='lat' dir='ltr'><strong>zu</strong></span> 
     </span>
     <span class='ocr_line' id='line_1_48' title="bbox 230 2518 975 2561; baseline 0 -8"><span class='ocrx_word' id='word_1_365' title='bbox 230 2519 445 2561; x_wconf 87' lang='lat' dir='ltr'><strong>verbinden,</strong></span> <span class='ocrx_word' id='word_1_366' title='bbox 472 2519 631 2553; x_wconf 87' lang='lat' dir='ltr'><strong>sondern</strong></span> <span class='ocrx_word' id='word_1_367' title='bbox 658 2518 728 2553; x_wconf 78' lang='lat' dir='ltr'><strong>mit</strong></span> <span class='ocrx_word' id='word_1_368' title='bbox 752 2519 975 2554; x_wconf 81' lang='lat' dir='ltr'><strong>obiciebatur</strong></span> 
     </span>
     <span class='ocr_line' id='line_1_49' title="bbox 232 2565 973 2610; baseline 0 -10"><span class='ocrx_word' id='word_1_369' title='bbox 232 2566 282 2600; x_wconf 74' lang='lat' dir='ltr'><strong>ist</strong></span> <span class='ocrx_word' id='word_1_370' title='bbox 307 2566 366 2600; x_wconf 90' lang='lat' dir='ltr'><strong>ein</strong></span> <span class='ocrx_word' id='word_1_371' title='bbox 392 2566 587 2610; x_wconf 78' lang='lat' dir='ltr'><strong>doppelter</strong></span> <span class='ocrx_word' id='word_1_372' title='bbox 609 2565 723 2600; x_wconf 79' lang='lat' dir='ltr'><strong>Dativ</strong></span> <span class='ocrx_word' id='word_1_373' title='bbox 748 2565 973 2609; x_wconf 83' lang='lat' dir='ltr'><strong>verbunden,</strong></span> 
     </span>
     <span class='ocr_line' id='line_1_50' title="bbox 234 2612 975 2657; baseline 0.001 -10"><span class='ocrx_word' id='word_1_374' title='bbox 234 2613 302 2647; x_wconf 87' lang='lat' dir='ltr'><strong>wie</strong></span> <span class='ocrx_word' id='word_1_375' title='bbox 329 2612 430 2648; x_wconf 83' lang='lat' dir='ltr'><strong>Verr.</strong></span> <span class='ocrx_word' id='word_1_376' title='bbox 459 2613 490 2646; x_wconf 91' lang='lat' dir='ltr'>V</span> <span class='ocrx_word' id='word_1_377' title='bbox 519 2617 572 2653; x_wconf 87' lang='grc'><strong>63,</strong></span> <span class='ocrx_word' id='word_1_378' title='bbox 601 2616 668 2647; x_wconf 88' lang='grc'><strong>163</strong></span> <span class='ocrx_word' id='word_1_379' title='bbox 701 2614 815 2647; x_wconf 82' lang='lat' dir='ltr'><strong>statui</strong></span> <span class='ocrx_word' id='word_1_380' title='bbox 846 2617 975 2657; x_wconf 75' lang='lat' dir='ltr'><strong>eyomet</strong></span> 
     </span>
     <span class='ocr_line' id='line_1_51' title="bbox 230 2660 974 2695; baseline 0 -1"><span class='ocrx_word' id='word_1_381' title='bbox 230 2660 320 2694; x_wconf 79' lang='lat' dir='ltr'><strong>mihi</strong></span> <span class='ocrx_word' id='word_1_382' title='bbox 351 2663 427 2694; x_wconf 75' lang='lat' dir='ltr'><strong>tum</strong></span> <span class='ocrx_word' id='word_1_383' title='bbox 459 2661 602 2694; x_wconf 85' lang='lat' dir='ltr'><strong>modum</strong></span> <span class='ocrx_word' id='word_1_384' title='bbox 636 2663 668 2694; x_wconf 79' lang='lat' dir='ltr'><strong>ct</strong></span> <span class='ocrx_word' id='word_1_385' title='bbox 693 2661 853 2695; x_wconf 82' lang='lat' dir='ltr'><strong>orationi</strong></span> <span class='ocrx_word' id='word_1_386' title='bbox 879 2671 974 2695; x_wconf 86' lang='lat' dir='ltr'><strong>meae</strong></span> 
     </span>
     <span class='ocr_line' id='line_1_52' title="bbox 231 2706 972 2743; baseline 0 -1"><span class='ocrx_word' id='word_1_387' title='bbox 231 2710 264 2742; x_wconf 78' lang='lat' dir='ltr'><strong>et</strong></span> <span class='ocrx_word' id='word_1_388' title='bbox 302 2706 338 2742; x_wconf 89' lang='lat' dir='ltr'><strong>C&#39;.</strong></span> <span class='ocrx_word' id='word_1_389' title='bbox 366 2706 576 2741; x_wconf 78' lang='lat' dir='ltr'><strong>Numitorio</strong></span> <span class='ocrx_word' id='word_1_390' title='bbox 609 2727 651 2732; x_wconf 91' lang='lat'><strong>—-</strong></span> <span class='ocrx_word' id='word_1_391' title='bbox 688 2708 768 2741; x_wconf 82' lang='lat' dir='ltr'><strong>testi</strong></span> <span class='ocrx_word' id='word_1_392' title='bbox 806 2717 887 2742; x_wconf 85' lang='lat' dir='ltr'><strong>meo.</strong></span> <span class='ocrx_word' id='word_1_393' title='bbox 939 2708 972 2743; x_wconf 91' lang='lat' dir='ltr'><strong>d.</strong></span> 
     </span>
     <span class='ocr_line' id='line_1_53' title="bbox 231 2754 975 2799; baseline 0.001 -11"><span class='ocrx_word' id='word_1_394' title='bbox 231 2754 318 2799; x_wconf 82' lang='lat' dir='ltr'><strong>imp.</strong></span> <span class='ocrx_word' id='word_1_395' title='bbox 351 2754 390 2788; x_wconf 93' lang='lat' dir='ltr'><strong>P.</strong></span> <span class='ocrx_word' id='word_1_396' title='bbox 418 2757 480 2798; x_wconf 83' lang='lat'><strong>24,</strong></span> <span class='ocrx_word' id='word_1_397' title='bbox 517 2758 560 2788; x_wconf 81' lang='lat'><strong>70</strong></span> <span class='ocrx_word' id='word_1_398' title='bbox 598 2763 667 2798; x_wconf 78' lang='lat' dir='ltr'><strong>quo</strong></span> <span class='ocrx_word' id='word_1_399' title='bbox 703 2755 793 2788; x_wconf 83' lang='lat' dir='ltr'><strong>mihi</strong></span> <span class='ocrx_word' id='word_1_400' title='bbox 828 2764 870 2780; x_wconf 75' lang='grc'><strong>-“</strong></span> <span class='ocrx_word' id='word_1_401' title='bbox 910 2758 975 2789; x_wconf 80' lang='lat' dir='ltr'><strong>aut</strong></span> 
     </span>
     <span class='ocr_line' id='line_1_54' title="bbox 229 2801 975 2845; baseline 0.001 -10"><span class='ocrx_word' id='word_1_402' title='bbox 229 2802 418 2845; x_wconf 81' lang='lat' dir='ltr'><strong>praesidia</strong></span> <span class='ocrx_word' id='word_1_403' title='bbox 450 2801 628 2845; x_wconf 78' lang='lat' dir='ltr'><strong>periculis</strong></span> <span class='ocrx_word' id='word_1_404' title='bbox 664 2805 730 2836; x_wconf 78' lang='lat' dir='ltr'><strong>aut</strong></span> <span class='ocrx_word' id='word_1_405' title='bbox 764 2802 975 2836; x_wconf 79' lang='lat' dir='ltr'><strong>adiumenta</strong></span> 
     </span>
     <span class='ocr_line' id='line_1_55' title="bbox 230 2847 972 2893; baseline 0 -11"><span class='ocrx_word' id='word_1_406' title='bbox 230 2849 427 2883; x_wconf 73' lang='lat' dir='ltr'><strong>honoribus</strong></span> <span class='ocrx_word' id='word_1_407' title='bbox 446 2859 626 2892; x_wconf 77' lang='lat' dir='ltr'><strong>quaeram.</strong></span> <span class='ocrx_word' id='word_1_408' title='bbox 670 2860 706 2893; x_wconf 90' lang='lat' dir='ltr'><strong>p.</strong></span> <span class='ocrx_word' id='word_1_409' title='bbox 720 2847 812 2883; x_wconf 80' lang='lat' dir='ltr'><strong>Sest.</strong></span> <span class='ocrx_word' id='word_1_410' title='bbox 830 2852 886 2891; x_wconf 87' lang='grc'><strong>56,</strong></span> <span class='ocrx_word' id='word_1_411' title='bbox 907 2852 972 2883; x_wconf 87' lang='grc'><strong>119</strong></span> 
     </span>
    </p>
   </div>
   <div class='ocr_carea' id='block_1_7' title="bbox 1043 2141 1790 2893">
    <p class='ocr_par' dir='ltr' id='par_1_8' title="bbox 1043 2141 1790 2843">
     <span class='ocr_line' id='line_1_56' title="bbox 1046 2141 1787 2177; baseline 0.001 -2"><span class='ocrx_word' id='word_1_412' title='bbox 1046 2141 1215 2177; x_wconf 71' lang='lat' dir='ltr'><strong>zeiehnet</strong></span> <span class='ocrx_word' id='word_1_413' title='bbox 1240 2142 1424 2177; x_wconf 81' lang='lat' dir='ltr'><strong>entweder</strong></span> <span class='ocrx_word' id='word_1_414' title='bbox 1450 2142 1521 2176; x_wconf 88' lang='lat' dir='ltr'><strong>den</strong></span> <span class='ocrx_word' id='word_1_415' title='bbox 1546 2141 1787 2176; x_wconf 75' lang='lat' dir='ltr'><strong>unbestimm—</strong></span> 
     </span>
     <span class='ocr_line' id='line_1_57' title="bbox 1044 2189 1788 2234; baseline 0.003 -11"><span class='ocrx_word' id='word_1_416' title='bbox 1044 2190 1108 2223; x_wconf 76' lang='lat' dir='ltr'><strong>ten</strong></span> <span class='ocrx_word' id='word_1_417' title='bbox 1127 2189 1326 2223; x_wconf 88' lang='lat' dir='ltr'><strong>Einzelnen</strong></span> <span class='ocrx_word' id='word_1_418' title='bbox 1353 2189 1441 2224; x_wconf 88' lang='lat' dir='ltr'><strong>oder</strong></span> <span class='ocrx_word' id='word_1_419' title='bbox 1466 2190 1530 2223; x_wconf 84' lang='lat' dir='ltr'><strong>das</strong></span> <span class='ocrx_word' id='word_1_420' title='bbox 1554 2189 1788 2234; x_wconf 80' lang='lat' dir='ltr'><strong>Allgemeine</strong></span> 
     </span>
     <span class='ocr_line' id='line_1_58' title="bbox 1044 2235 1786 2281; baseline 0.004 -12"><span class='ocrx_word' id='word_1_421' title='bbox 1044 2235 1096 2269; x_wconf 88' lang='lat' dir='ltr'><strong>im</strong></span> <span class='ocrx_word' id='word_1_422' title='bbox 1123 2235 1327 2281; x_wconf 73' lang='lat' dir='ltr'><strong>Gegensatz</strong></span> <span class='ocrx_word' id='word_1_423' title='bbox 1359 2248 1400 2270; x_wconf 89' lang='lat' dir='ltr'><strong>zu</strong></span> <span class='ocrx_word' id='word_1_424' title='bbox 1432 2236 1514 2270; x_wconf 86' lang='lat' dir='ltr'><strong>dem</strong></span> <span class='ocrx_word' id='word_1_425' title='bbox 1550 2236 1786 2272; x_wconf 77' lang='lat' dir='ltr'><strong>bestimmten</strong></span> 
     </span>
     <span class='ocr_line' id='line_1_59' title="bbox 1044 2282 1787 2328; baseline 0.001 -11"><span class='ocrx_word' id='word_1_426' title='bbox 1044 2282 1255 2319; x_wconf 73' lang='lat' dir='ltr'><strong>Einzelnen.</strong></span> <span class='ocrx_word' id='word_1_427' title='bbox 1312 2283 1416 2317; x_wconf 87' lang='lat' dir='ltr'><strong>Aueh</strong></span> <span class='ocrx_word' id='word_1_428' title='bbox 1458 2283 1519 2318; x_wconf 90' lang='lat' dir='ltr'><strong>bei</strong></span> <span class='ocrx_word' id='word_1_429' title='bbox 1561 2283 1787 2328; x_wconf 76' lang='lat' dir='ltr'><strong>Adjektiven</strong></span> 
     </span>
     <span class='ocr_line' id='line_1_60' title="bbox 1043 2328 1790 2374; baseline 0 -9"><span class='ocrx_word' id='word_1_430' title='bbox 1043 2328 1262 2365; x_wconf 70' lang='lat' dir='ltr'><strong>bezeichnet</strong></span> <span class='ocrx_word' id='word_1_431' title='bbox 1303 2342 1340 2364; x_wconf 86' lang='lat' dir='ltr'><strong>es</strong></span> <span class='ocrx_word' id='word_1_432' title='bbox 1383 2330 1554 2374; x_wconf 81' lang='lat' dir='ltr'><strong>deshalb,</strong></span> <span class='ocrx_word' id='word_1_433' title='bbox 1603 2329 1682 2365; x_wconf 82' lang='lat' dir='ltr'><strong>dass</strong></span> <span class='ocrx_word' id='word_1_434' title='bbox 1723 2330 1790 2365; x_wconf 86' lang='lat' dir='ltr'><strong>der</strong></span> 
     </span>
     <span class='ocr_line' id='line_1_61' title="bbox 1045 2377 1786 2422; baseline 0.001 -11"><span class='ocrx_word' id='word_1_435' title='bbox 1045 2377 1186 2422; x_wconf 86' lang='lat' dir='ltr'><strong>Begriff</strong></span> <span class='ocrx_word' id='word_1_436' title='bbox 1207 2377 1246 2411; x_wconf 89' lang='lat' dir='ltr'><strong>in</strong></span> <span class='ocrx_word' id='word_1_437' title='bbox 1265 2377 1385 2412; x_wconf 86' lang='lat' dir='ltr'><strong>seiner</strong></span> <span class='ocrx_word' id='word_1_438' title='bbox 1404 2377 1692 2422; x_wconf 73' lang='lat' dir='ltr'><strong>Allgemeinheit.</strong></span> <span class='ocrx_word' id='word_1_439' title='bbox 1710 2377 1786 2412; x_wconf 87' lang='lat' dir='ltr'><strong>und</strong></span> 
     </span>
     <span class='ocr_line' id='line_1_62' title="bbox 1044 2424 1785 2469; baseline 0.001 -11"><span class='ocrx_word' id='word_1_440' title='bbox 1044 2424 1364 2469; x_wconf 69' lang='lat' dir='ltr'><strong>Vollst&#39;andigkeit</strong></span> <span class='ocrx_word' id='word_1_441' title='bbox 1397 2437 1440 2459; x_wconf 87' lang='lat' dir='ltr'><strong>zu</strong></span> <span class='ocrx_word' id='word_1_442' title='bbox 1471 2425 1592 2459; x_wconf 83' lang='lat' dir='ltr'><strong>fassen</strong></span> <span class='ocrx_word' id='word_1_443' title='bbox 1625 2424 1684 2460; x_wconf 75' lang='lat' dir='ltr'><strong>ist.</strong></span> <span class='ocrx_word' id='word_1_444' title='bbox 1733 2424 1785 2459; x_wconf 87' lang='lat' dir='ltr'><strong>IV</strong></span> 
     </span>
     <span class='ocr_line' id='line_1_63' title="bbox 1048 2472 1787 2516; baseline 0 -10"><span class='ocrx_word' id='word_1_445' title='bbox 1048 2475 1109 2513; x_wconf 80' lang='lat'><strong>28,</strong></span> <span class='ocrx_word' id='word_1_446' title='bbox 1142 2476 1185 2506; x_wconf 84' lang='grc'><strong>61</strong></span> <span class='ocrx_word' id='word_1_447' title='bbox 1224 2476 1442 2507; x_wconf 77' lang='lat' dir='ltr'><strong>constantem</strong></span> <span class='ocrx_word' id='word_1_448' title='bbox 1478 2472 1572 2506; x_wconf 84' lang='lat' dir='ltr'><strong>enim</strong></span> <span class='ocrx_word' id='word_1_449' title='bbox 1608 2472 1787 2516; x_wconf 78' lang='lat' dir='ltr'><strong>quendam</strong></span> 
     </span>
     <span class='ocr_line' id='line_1_64' title="bbox 1046 2519 1785 2563; baseline 0.001 -10"><span class='ocrx_word' id='word_1_450' title='bbox 1046 2520 1226 2561; x_wconf 75' lang='lat' dir='ltr'><strong>volumus,</strong></span> <span class='ocrx_word' id='word_1_451' title='bbox 1251 2520 1433 2562; x_wconf 81' lang='lat' dir='ltr'><strong>sedatum,</strong></span> <span class='ocrx_word' id='word_1_452' title='bbox 1458 2529 1611 2563; x_wconf 76' lang='lat' dir='ltr'><strong>yravem.</strong></span> <span class='ocrx_word' id='word_1_453' title='bbox 1663 2519 1708 2554; x_wconf 91' lang='lat' dir='ltr'><strong>de</strong></span> <span class='ocrx_word' id='word_1_454' title='bbox 1734 2529 1785 2554; x_wconf 91' lang='lat' dir='ltr'><strong>or.</strong></span> 
     </span>
     <span class='ocr_line' id='line_1_65' title="bbox 1046 2566 1788 2609; baseline 0 -9"><span class='ocrx_word' id='word_1_455' title='bbox 1046 2566 1153 2609; x_wconf 83' lang='lat'>150,</span> <span class='ocrx_word' id='word_1_456' title='bbox 1184 2569 1253 2600; x_wconf 82' lang='lat'><strong>218</strong></span> <span class='ocrx_word' id='word_1_457' title='bbox 1299 2566 1435 2601; x_wconf 80' lang='lat' dir='ltr'><strong>Fateor</strong></span> <span class='ocrx_word' id='word_1_458' title='bbox 1478 2567 1571 2600; x_wconf 87' lang='lat' dir='ltr'><strong>enim</strong></span> <span class='ocrx_word' id='word_1_459' title='bbox 1614 2566 1788 2601; x_wconf 86' lang='lat' dir='ltr'><strong>callidum</strong></span> 
     </span>
     <span class='ocr_line' id='line_1_66' title="bbox 1049 2613 1786 2658; baseline 0 -11"><span class='ocrx_word' id='word_1_460' title='bbox 1049 2613 1229 2658; x_wconf 78' lang='lat' dir='ltr'><strong>quendam</strong></span> <span class='ocrx_word' id='word_1_461' title='bbox 1259 2614 1355 2647; x_wconf 78' lang='lat' dir='ltr'><strong>hunc</strong></span> <span class='ocrx_word' id='word_1_462' title='bbox 1387 2617 1420 2648; x_wconf 79' lang='lat' dir='ltr'><strong>et</strong></span> <span class='ocrx_word' id='word_1_463' title='bbox 1443 2613 1548 2647; x_wconf 79' lang='lat' dir='ltr'><strong>nulla</strong></span> <span class='ocrx_word' id='word_1_464' title='bbox 1573 2614 1614 2647; x_wconf 83' lang='lat' dir='ltr'><strong>in</strong></span> <span class='ocrx_word' id='word_1_465' title='bbox 1638 2623 1677 2647; x_wconf 82' lang='lat' dir='ltr'><strong>re</strong></span> <span class='ocrx_word' id='word_1_466' title='bbox 1699 2614 1786 2647; x_wconf 82' lang='lat' dir='ltr'><strong>tiro-</strong></span> 
     </span>
     <span class='ocr_line' id='line_1_67' title="bbox 1047 2659 1786 2695; baseline 0 -1"><span class='ocrx_word' id='word_1_467' title='bbox 1047 2671 1127 2695; x_wconf 90' lang='lat' dir='ltr'><strong>nem</strong></span> <span class='ocrx_word' id='word_1_468' title='bbox 1159 2671 1202 2694; x_wconf 88' lang='lat' dir='ltr'><strong>ac</strong></span> <span class='ocrx_word' id='word_1_469' title='bbox 1234 2661 1358 2695; x_wconf 83' lang='lat' dir='ltr'><strong>rudem</strong></span> <span class='ocrx_word' id='word_1_470' title='bbox 1383 2680 1425 2685; x_wconf 91' lang='lat'><strong>———</strong></span> <span class='ocrx_word' id='word_1_471' title='bbox 1453 2670 1524 2694; x_wconf 86' lang='lat' dir='ltr'><strong>esse</strong></span> <span class='ocrx_word' id='word_1_472' title='bbox 1553 2660 1683 2695; x_wconf 86' lang='lat' dir='ltr'><strong>debere.</strong></span> <span class='ocrx_word' id='word_1_473' title='bbox 1732 2659 1786 2694; x_wconf 87' lang='lat' dir='ltr'><strong>Ib.</strong></span> 
     </span>
     <span class='ocr_line' id='line_1_68' title="bbox 1047 2707 1786 2751; baseline 0.001 -10"><span class='ocrx_word' id='word_1_474' title='bbox 1047 2707 1081 2741; x_wconf 92' lang='lat' dir='ltr'><strong>II</strong></span> <span class='ocrx_word' id='word_1_475' title='bbox 1108 2711 1164 2750; x_wconf 80' lang='lat'><strong>74,</strong></span> <span class='ocrx_word' id='word_1_476' title='bbox 1192 2711 1260 2741; x_wconf 76' lang='lat'><strong>299</strong></span> <span class='ocrx_word' id='word_1_477' title='bbox 1293 2711 1333 2741; x_wconf 76' lang='lat' dir='ltr'><strong>ut</strong></span> <span class='ocrx_word' id='word_1_478' title='bbox 1364 2707 1464 2751; x_wconf 81' lang='lat' dir='ltr'><strong>apud</strong></span> <span class='ocrx_word' id='word_1_479' title='bbox 1490 2707 1646 2742; x_wconf 85' lang='lat' dir='ltr'><strong>Graecos</strong></span> <span class='ocrx_word' id='word_1_480' title='bbox 1669 2707 1786 2750; x_wconf 76' lang='lat' dir='ltr'><strong>fertur</strong></span> 
     </span>
     <span class='ocr_line' id='line_1_69' title="bbox 1048 2754 1786 2799; baseline 0.001 -10"><span class='ocrx_word' id='word_1_481' title='bbox 1048 2755 1257 2789; x_wconf 80' lang='lat' dir='ltr'><strong>incredibili</strong></span> <span class='ocrx_word' id='word_1_482' title='bbox 1270 2755 1427 2799; x_wconf 75' lang='lat' dir='ltr'><strong>quadam</strong></span> <span class='ocrx_word' id='word_1_483' title='bbox 1443 2754 1694 2798; x_wconf 60' lang='lat' dir='ltr'><strong>magnitudine</strong></span> <span class='ocrx_word' id='word_1_484' title='bbox 1706 2764 1786 2790; x_wconf 76' lang='lat' dir='ltr'><strong>con·</strong></span> 
     </span>
     <span class='ocr_line' id='line_1_70' title="bbox 1046 2801 1614 2843; baseline -0.004 -7"><span class='ocrx_word' id='word_1_485' title='bbox 1046 2802 1124 2836; x_wconf 71' lang='lat' dir='ltr'><strong>sitii</strong></span> <span class='ocrx_word' id='word_1_486' title='bbox 1152 2821 1191 2826; x_wconf 88' lang='lat'><strong>—</strong></span> <span class='ocrx_word' id='word_1_487' title='bbox 1218 2802 1331 2843; x_wconf 81' lang='lat' dir='ltr'><strong>fuisse</strong></span> <span class='ocrx_word' id='word_1_488' title='bbox 1360 2801 1614 2836; x_wconf 76' lang='lat' dir='ltr'><strong>Themistocles.</strong></span> 
     </span>
    </p>

    <p class='ocr_par' dir='ltr' id='par_1_9' title="bbox 1095 2847 1783 2893">
     <span class='ocr_line' id='line_1_71' title="bbox 1095 2847 1783 2893; baseline -0.001 -10"><span class='ocrx_word' id='word_1_489' title='bbox 1095 2849 1238 2892; x_wconf 78' lang='lat' dir='ltr'><strong>insedit,</strong></span> <span class='ocrx_word' id='word_1_490' title='bbox 1268 2847 1383 2883; x_wconf 85' lang='lat' dir='ltr'><strong>‘blieb</strong></span> <span class='ocrx_word' id='word_1_491' title='bbox 1409 2847 1566 2883; x_wconf 75' lang='lat' dir='ltr'><strong>hasten’.</strong></span> <span class='ocrx_word' id='word_1_492' title='bbox 1605 2848 1656 2884; x_wconf 90' lang='lat' dir='ltr'><strong>IV</strong></span> <span class='ocrx_word' id='word_1_493' title='bbox 1672 2852 1726 2893; x_wconf 92' lang='lat'><strong>10,</strong></span> <span class='ocrx_word' id='word_1_494' title='bbox 1740 2851 1783 2882; x_wconf 82' lang='lat'><strong>24</strong></span> 
     </span>
    </p>
   </div>
  </div>
 </body>
</html>
