1790 3103
97 616 139 647 81

89 1060 144 1101 38

100 1111 144 1143 82

154 88 211 129 94
676 88 723 123 M.
752 88 914 124 TULLII
941 88 1193 123 CICERONIS

156 200 212 236 sic
248 196 492 249 perturbatio
532 199 678 236 erroris
717 204 787 236 est.
851 197 927 243 Qui
965 204 1096 236 autem
1134 203 1272 235 natura
1311 198 1496 237 dicuntur
1534 199 1714 238 iracundi

156 262 224 295 aut
254 255 529 294 misericordes
562 262 628 294 aut
658 256 779 294 invidi
812 262 878 295 aut
910 256 985 294 tale
1019 254 1134 307 quid,
1173 257 1209 293 ei
1240 262 1332 294 sunt
1364 258 1568 296 constituti
1601 259 1712 308 quasi

154 314 253 353 mala
286 314 505 353 valetudine
539 316 674 366 animi,
706 314 898 353 sanabiles
932 320 1080 365 tamen,
1113 318 1156 352 ut
1184 314 1366 353 Socrates
1399 314 1552 354 dicitur.
1615 315 1714 355 Cum

155 373 277 412 multa
309 375 349 412 in
382 378 578 412 conventu
612 375 700 412 vitia
734 373 970 423 conlegisset
1001 373 1041 410 in
1074 384 1165 410 eum
1197 371 1390 425 Zopyrus,
1429 375 1496 424 qui
1529 386 1570 412 se
1602 380 1714 413 natu-

156 444 239 470 ram
283 433 475 484 cuiusque
522 445 568 471 ex
614 433 737 470 forma
782 432 1008 483 perspicere
1052 430 1330 483 profitebatur,
1380 432 1535 470 derisus
1585 437 1645 471 est
1695 445 1715 471 a

157 492 317 543 ceteris,
351 492 418 541 qui
450 490 513 528 illa
545 492 585 528 in
619 490 779 528 Socrate
813 491 903 528 vitia
942 501 1021 529 non
1053 495 1329 542 agnoscerent,
1373 489 1419 528 ab
1459 491 1545 541 ipso
1585 496 1717 530 autem

158 549 318 588 Socrate
352 549 597 600 sublevatus,
635 561 724 587 eum
756 548 820 585 illa
853 547 927 586 sibi
959 549 1094 600 insita,
1134 548 1202 587 sed
1234 549 1384 586 ratione
1424 560 1444 587 a
1483 561 1525 587 se
1564 549 1716 588 deiecta

157 608 317 646 (liceret.
380 607 483 657 Ergo
516 613 559 645 ut
591 612 750 658 optuma
783 607 950 657 quisque
977 606 1199 645 valetudine
1229 606 1405 646 adfectus
1431 612 1563 658 potest
1588 607 1714 646 videri
1774 600 1777 655 ζ

156 671 295 705 natura
333 665 378 703 ad
421 665 590 716 aliquem
632 664 813 703 morbum
855 665 1083 717 proclivior,
1126 667 1182 704 sic
1224 667 1376 705 animus
1417 666 1516 704 alius
1557 666 1604 704 ad
1645 665 1718 704 alia
1776 710 1777 713 Ἴ

156 726 246 762 vitia
278 725 524 774 propensior.
588 723 663 769 Qui
703 729 833 762 autem
874 736 953 762 non
995 729 1151 776 natura,
1195 724 1263 763 sed
1305 724 1418 775 culpa
1458 725 1588 763 vitiosi
1629 736 1716 763 esse

156 782 360 834 dicuntur,
394 795 531 821 eorum
562 784 652 820 vitia
685 788 866 821 constant
898 795 917 820 e
952 782 1057 821 salsis
1083 782 1334 834 opinionibus
1361 795 1495 821 rerum
1522 782 1714 822 bonarum

157 847 196 879 et
235 841 442 892 malarum,
486 846 530 879 ut
576 842 626 879 sit
669 840 767 879 alius
812 841 858 879 ad
897 841 992 880 alios
1030 846 1160 880 motus
1193 840 1590 892 perturbationesque
1628 853 1716 893 pro-

158 899 305 938 clivior.
367 899 602 937 Inveteratio
647 905 795 951 autem,
840 905 883 937 ut
927 902 966 937 in
1011 899 1261 950 corporibuS,
1305 902 1460 951 aegrius
1504 899 1715 952 depellitur

157 970 273 1008 quam
305 957 570 1009 perturbatio,
616 959 811 1008 citiusque
857 959 1089 1008 repentinus
1134 958 1339 996 oculorum
1383 964 1514 996 tumor
1560 964 1720 997 sanatur
1774 964 1775 969 ’

161 1029 278 1067 quam
310 1016 496 1054 diuturna
529 1016 720 1066 lippitudo
754 1015 974 1066 depellitur.

281 1074 357 1112 Sed
390 1075 543 1125 cognita
575 1076 650 1112 iam
684 1086 800 1112 causa
831 1074 1193 1126 perturbationum,
1237 1087 1336 1125 quae
1370 1087 1505 1113 omnes
1538 1076 1721 1114 oriuntur
1775 1099 1777 1101 -

160 1145 207 1171 ex
239 1132 395 1171 iudiciis
428 1133 657 1183 opinionum
690 1138 729 1171 et
760 1132 1045 1185 voluntatibus,
1085 1134 1136 1171 sit
1173 1135 1248 1171 iam
1287 1133 1405 1172 huius
1444 1133 1721 1185 disputationis

159 1191 309 1230 modus.
357 1191 466 1229 Scire
494 1196 625 1229 autem
652 1204 723 1230 nos
750 1196 905 1242 oportet
932 1193 1116 1243 cognitis,
1143 1192 1268 1242 quoad
1296 1198 1462 1244 possunt
1489 1192 1535 1230 ab
1561 1191 1720 1230 homine

158 1251 340 1301 cognosci
353 1281 363 1301 ,
404 1249 599 1288 bonorum
637 1255 676 1288 et
718 1249 909 1288 malorum
947 1250 1090 1289 finibus
1129 1250 1224 1289 nihil
1262 1263 1283 1288 a
1320 1250 1565 1302 philosophia
1601 1262 1718 1302 posse

157 1314 224 1347 aut
264 1310 389 1347 maius
431 1314 498 1347 aut
538 1308 674 1347 utilius
715 1310 841 1359 optari
884 1321 999 1359 quam
1038 1309 1152 1361 haec,
1186 1321 1283 1359 quae
1317 1321 1337 1346 a
1370 1309 1483 1347 nobis
1515 1308 1590 1347 hoe
1622 1320 1714 1359 qua-

158 1367 298 1406 driduo
332 1367 526 1418 disputata
560 1373 662 1405 sunt.
725 1366 850 1405 Morte
884 1368 986 1405 enim
1021 1373 1243 1419 contempta
1271 1373 1309 1405 et
1335 1367 1468 1406 dolore
1497 1367 1542 1405 ad
1569 1368 1716 1418 patien-

157 1426 249 1464 dum
282 1425 406 1464 levato
439 1425 688 1464 adiunximus
715 1425 955 1464 sedationem
982 1426 1256 1477 aegritudinis,
1289 1438 1365 1476 qua
1390 1425 1541 1464 nullum
1566 1425 1716 1464 homini

158 1527 270 1568 malo,
306 1526 376 1561 den
404 1537 565 1571 engeren
590 1527 819 1570 perturbatio
851 1538 903 1561 er-

157 1574 252 1608 roris
271 1577 322 1608 est
342 1586 387 1608 zu
407 1574 562 1618 folgern.
604 1573 798 1618 Wogegen
812 1573 903 1618 sich,

157 1631 264 1655 wenn
290 1631 376 1654 man
402 1620 461 1654 die
479 1620 609 1655 Worte
630 1620 795 1663 streieht,
822 1631 904 1665 erqo

159 1667 319 1711 passend
346 1678 393 1702 an
420 1668 484 1701 das
503 1667 815 1712 Vorhergehende
842 1679 904 1702 an-

160 1713 338 1749 schliesst.

206 1762 303 1795 mala
334 1762 560 1803 valetudiue,
593 1761 626 1795 d.
654 1761 677 1796 i.
704 1773 777 1796 von
804 1762 904 1796 einer

158 1808 340 1853 gewissen
372 1808 626 1842 krankhaften
652 1808 903 1852 Hinneigung,

152 1856 386 1899 proclivitas,
433 1867 476 1889 zu
520 1855 592 1890 den
633 1855 802 1891 Fehlern.
867 1855 902 1889 S.

162 1906 222 1944 12,
249 1906 305 1937 28.

207 1953 247 1983 ut
283 1949 448 1984 Socrates
485 1949 639 1993 dicitur,
676 1949 787 1984 niiml.
830 1950 902 1983 ira-

159 1996 318 2039 candus,
350 1996 410 2030 secl
435 1996 613 2030 sanabilis
643 1996 766 2038 fuisse.
817 1997 903 2030 Auf-

159 2042 301 2077 sanend
328 2043 394 2085 ist,
423 2042 503 2077 dass
529 2043 594 2076 der
619 2042 791 2086 folgende
819 2043 904 2077 Satz

160 2089 254 2124 ohne
310 2089 555 2134 Verbindung
616 2090 903 2134 angesehlossen

159 2136 261 2171 wird.

210 2184 395 2229 Zopyrus,
429 2184 493 2217 der
518 2183 684 2217 Erfindet
717 2183 781 2217 der
807 2184 904 2228 Phy—

161 2230 389 2275 siognomik,
437 2230 508 2265 soll
545 2230 806 2275 urspriinglich
846 2230 904 2265 ein

160 2277 393 2312 thrakischer
414 2276 549 2312 Sklave
570 2277 645 2311 und.
664 2275 906 2322 παιδαγωγός

161 2325 226 2358 des
257 2323 474 2358 Alkibiades
516 2335 685 2368 gewesen
723 2324 809 2359 sein.
860 2324 905 2358 de

161 2371 226 2405 fat.
263 2374 294 2414 5,
329 2374 372 2404 10
404 2370 577 2405 Socraten
608 2382 727 2405 noune
758 2372 906 2415 leyimus

161 2429 263 2463 quem
297 2418 346 2452 acl
380 2418 524 2452 modum
561 2419 700 2452 notarit
736 2418 906 2463 Zopyrus

159 2465 462 2510 physioquomou,
503 2465 567 2508 qui
600 2475 635 2498 sc
663 2466 906 2508 profitebatur

163 2513 347 2546 homiuum
372 2522 484 2546 mores
510 2515 730 2556 naturasque
761 2523 804 2546 etc
830 2523 905 2547 eor-

156 2569 265 2603 pore,
302 2559 434 2601 oculis,
471 2559 592 2600 vultu,
626 2559 744 2601 fronte
775 2570 904 2602 pei-uo-

163 2605 282 2640 scere?
333 2605 529 2649 Stupidum
555 2615 625 2640 csse
650 2605 823 2640 Socraten
849 2607 903 2640 cli—

163 2653 219 2686 xit
263 2655 294 2686 et
339 2653 491 2686 bardum
529 2673 571 2676 —
609 2652 753 2687 addidit
797 2653 903 2686 etiam

163 2700 411 2740 mulierosum,
446 2701 487 2733 iu
512 2710 581 2743 quo
606 2700 814 2734 Alcibiades
846 2710 901 2733 ca-

164 2747 336 2780 chinnum
362 2747 499 2780 elicitur
524 2747 718 2780 sustulisse.

212 2797 267 2827 81.
289 2797 330 2826 ut
349 2794 395 2827 sit
416 2795 502 2835 επ,
525 2792 647 2827 sodass
681 2794 732 2828 sie
763 2792 904 2837 infolge

164 2839 264 2873 ihrer
312 2839 480 2874 falsehen
525 2839 811 2885 Vorstellungen
861 2852 904 2873 zu

978 1527 1167 1561 einzelnen
1193 1526 1352 1561 Fehlem
1376 1525 1585 1571 hinneigen.
1623 1526 1723 1560 Aber

978 1574 1075 1608 nach
1101 1574 1165 1608 der
1191 1585 1219 1608 e.
1244 1578 1287 1608 10
1308 1573 1571 1618 aufgestellten
1589 1572 1719 1608 Unter-

978 1621 1184 1666 seheidung
1209 1621 1314 1655 hatte
1342 1619 1468 1655 Cicero
1495 1620 1560 1654 das
1585 1620 1721 1655 Wesen

978 1668 1098 1702 dieser
1117 1667 1223 1702 nieht
1242 1668 1297 1702 als
1311 1668 1544 1711 proclivitas,
1564 1667 1721 1702 sondern

977 1715 1031 1749 als
1046 1711 1549 1757 morbus,vdaosbezeiehnen
1562 1717 1720 1749 miissen.

1025 1773 1261 1815 Iuveteratio,
1306 1773 1366 1808 ein
1403 1773 1501 1807 nach
1539 1771 1722 1817 Analogie

977 1831 1049 1854 von
1063 1821 1293 1864 perturbatio
1312 1832 1381 1854 nur
1400 1831 1447 1854 an
1466 1819 1587 1854 dieser
1604 1819 1719 1853 Stella

976 1867 1182 1911 gebildetes
1205 1867 1323 1902 Wort.
1369 1867 1457 1901 Was
1477 1866 1642 1911 gemeint
1659 1865 1720 1909 ist,

976 1915 1074 1958 zeigt
1101 1918 1155 1956 10,
1183 1918 1227 1948 24
1252 1925 1333 1949 cum
1365 1917 1484 1949 autem
1513 1914 1572 1948 liic
1599 1913 1720 1957 fervor

976 1962 1238 2006 concitatioque
1263 1962 1380 1996 animi
1410 1960 1662 1996 inveteraverit
1685 1962 1719 1994 et

976 2012 1150 2052 tanquam
1182 2009 1222 2043 iu
1255 2009 1355 2043 ienis
1392 2008 1626 2052 medullisque
1662 2007 1720 2041 in-

976 2056 1123 2098 sederit,
1159 2058 1235 2090 tum
1269 2055 1409 2089 eaesistit
1442 2057 1474 2088 et
1509 2055 1653 2089 morbus
1688 2056 1720 2088 et

979 2103 1187 2146 aeyrotatio.

1025 2149 1118 2193 Kap.
1145 2148 1209 2183 38.
1260 2152 1315 2182 82.
1342 2159 1385 2183 ex
1411 2148 1560 2182 iudiciis
1579 2148 1719 2191 opinio-

977 2206 1082 2238 uum,
1118 2207 1182 2230 aus
1215 2195 1399 2239 Urteilen,
1431 2194 1490 2229 die
1522 2194 1626 2228 nieht
1658 2194 1722 2229 auf

978 2242 1099 2277 einem
1125 2242 1287 2286 Wissen‚
1326 2242 1484 2277 sondern
1524 2241 1591 2276 auf
1618 2241 1720 2276 einer

979 2289 1207 2335 Einbildung
1232 2290 1405 2324 beruhen.

1026 2349 1179 2393 coquitis
1199 2368 1242 2373 -
1261 2348 1397 2391 fluibus
1424 2348 1511 2390 eet„
1536 2346 1719 2381 naehdem

978 2395 1045 2429 wir
1077 2395 1142 2430 das
1171 2395 1326 2430 hochste
1359 2394 1433 2428 Gut
1467 2393 1625 2428 erkannt
1656 2394 1720 2428 ha-

977 2443 1066 2486 ben,
1101 2442 1206 2487 giebt
1242 2453 1279 2476 es
1311 2441 1433 2476 niehts
1457 2441 1720 2485 Wichtigeres‚

979 2491 1012 2523 d.
1040 2490 1074 2524 h.
1102 2489 1172 2524 mit
1196 2488 1409 2523 Ausnahme
1441 2488 1507 2522 der
1538 2488 1722 2522 Erkennt—

977 2536 1034 2570 nis
1061 2536 1124 2570 des
1151 2536 1331 2570 hochsten
1357 2534 1472 2569 Gutes
1498 2547 1531 2569 u.
1561 2547 1587 2571 s,
1609 2547 1652 2568 W.
1675 2555 1719 2559 —

978 2584 1054 2618 Vor
1080 2583 1150 2617 den
1171 2582 1404 2617 Tusculanen
1429 2582 1533 2616 hatte
1556 2580 1629 2615 Cic.
1656 2580 1716 2615 die

978 2635 998 2664 5
1025 2630 1170 2665 Biieher
1195 2630 1236 2664 cle
1260 2630 1396 2673 fluibus
1421 2627 1676 2673 gesehrieben.

1023 2689 1143 2732 quoad
1155 2691 1326 2732 possunt,
1348 2687 1428 2722 eine
1441 2687 1635 2731 Wahrung
1654 2685 1719 2720 des

976 2735 1264 2769 akademischen
1291 2734 1580 2779 Standpunktes.

1024 2794 1073 2828 acl
1092 2794 1309 2837 patiendum
1334 2794 1465 2836 levato,
1492 2804 1518 2827 s.
1545 2805 1574 2826 z.
1600 2795 1653 2836 17,
1673 2795 1718 2826 37
1768 2830 1770 2834 .

979 2841 1027 2874 acl
1053 2841 1316 2875 demittendum.
