1817 3103
299 92 690 128 TUSCULANARUM
716 91 1115 128 DISPUTATIONUM
1143 95 1167 129 Ι.
1195 100 1343 130 51—54.
1540 95 1596 136 33

172 203 246 241 Sed
280 204 311 240 si
345 202 468 253 qualis
501 203 550 240 sit
581 203 732 240 animus
758 203 839 252 ipse
867 203 1018 240 animus
1046 205 1209 254 nesciet,
1243 205 1320 255 dic,
1354 218 1514 257 quaeso,
1549 219 1594 245 ne
1612 215 1654 245 53

52 274 140 302 esse
167 261 322 312 quidem
351 274 391 299 se
419 262 532 311 sciet,
560 273 605 298 ne
634 262 778 298 moveri
807 260 962 311 quidem
989 259 1060 299 se?
1109 260 1163 298 Ex
1192 274 1268 312 quo
1296 263 1355 300 illa
1385 267 1480 302 ratio
1510 272 1594 303 nata

53 327 114 361 est
139 320 326 370 Platonis,
359 332 456 370 quae
489 332 508 357 a
537 320 696 357 Socrate
731 325 790 357 est
818 321 855 357 in
884 318 1060 357 Phaedro
1089 319 1293 371 explicata,
1326 333 1344 358 a
1380 334 1438 359 me
1466 330 1594 361 autem

52 381 175 432 posita
214 384 274 417 est
311 380 349 416 in
388 384 497 416 sexto
530 377 627 416 libro
667 378 713 416 de
752 390 793 415 re
831 377 996 428 publiea.
1059 375 1184 426 ‘Quod
1213 388 1596 434 *Semperffm-OVEQL
1613 382 1666 420 2ἓῖ

53 444 160 478 aeter
219 449 255 475 m
298 442 379 488 est3
422 436 523 487 quod
569 443 697 474 autem
738 443 883 474 motum
927 436 1052 474 adfert
1096 437 1211 475 alicui
1250 438 1431 488 quodque
1471 440 1596 489 ipsum

52 498 219 548 agitatur
251 495 423 546 alumde,
464 495 617 546 quando
651 495 765 532 finem
798 494 912 532 habet
946 501 1090 546 motus7
1131 496 1280 534 vivendi
1314 497 1428 534 finem
1462 496 1599 536 habent

55 566 214 595 necesse
247 560 316 593 est.
381 553 513 592 Solum
546 554 682 604 igitur,
716 553 817 603 quod
852 566 892 591 se
926 527 1229 605 i1)8111n7'÷,1n0x(t
1266 556 1354 605 quia
1389 568 1598 621 numquam

49 614 247 653 deseritur
279 626 298 651 a
331 626 390 664 se,
431 624 641 663 numquam
681 607 727 649 ne
767 613 912 650 move1i
951 612 1107 662 quidem
1146 613 1306 664 desiuit3
1346 615 1438 664 quin
1484 617 1599 653 etiam

52 674 193 712 ceteris
220 684 317 722 quae
345 677 548 710 moventur
574 670 636 708 hic
664 671 766 721 fons,
799 671 870 709 hoe
897 673 1133 722 puiucipium
1160 678 1218 710 est
1245 672 1435 710 movendi.
1491 673 1598 711 Prin·
1615 682 1643 709 5-

53 732 144 783 cipii
171 737 299 769 autem
328 730 428 768 nulla
456 736 515 768 est
542 730 668 780 orig03
705 742 792 767 nam
819 742 838 768 e
866 731 1057 780 principio
1085 732 1267 769 oriuntur
1293 732 1438 782 omnia,
1471 734 1598 783 ipsum

55 796 183 829 autem
217 788 317 827 nulla
350 801 396 826 ex
430 801 470 826 re
504 787 575 826 alia
608 790 713 826 nasci
746 794 892 840 potest3
926 802 997 826 nee
1025 791 1127 827 euim
1155 796 1258 828 esset
1288 789 1323 827 id
1352 791 1598 842 principium,

53 847 156 900 quod
183 849 410 898 gigneretur
437 847 600 885 aliunde.
659 847 769 892 Quod
797 849 829 885 si
857 859 1068 898 numquam
1095 850 1237 898 oritur,
1272 861 1318 886 ue
1346 848 1488 887 oceidit
1516 852 1598 900 qui-

54 907 142 946 dem
174 918 375 957 umquam;
409 918 494 944 nam
529 907 763 956 principium
797 908 1031 945 exstinctum
1066 919 1135 945 nec.
1176 909 1301 958 ipsum
1341 907 1387 945 ab
1426 907 1499 945 alio
1540 921 1598 947 re·

54 971 238 1005 nascetur
263 977 334 1003 nec
362 977 413 1003 ex
440 977 479 1003 se
507 964 607 1002 aliud
637 964 801 1017 creabit,
834 967 864 1003 si
893 965 1048 1015 quidem
1076 978 1235 1005 neeesse
1264 971 1323 1004 est
1354 979 1373 1003 a
1406 968 1598 1018 principio

54 1025 150 1063 oriri
176 1025 312 1062 omnia.
370 1023 424 1062 na
458 1024 499 1061 fit
532 1029 573 1061 nt
606 1030 735 1062 motus
761 1025 998 1074 principium
1032 1037 1075 1062 ex
1110 1037 1155 1063 eo
1189 1027 1255 1075 sit,
1289 1025 1391 1075 quod
1419 1027 1546 1076 ipsum
1579 1038 1597 1064 a

53 1096 94 1122 se
123 1089 316 1133 movetur3
348 1082 385 1120 id
413 1089 541 1120 autem
568 1094 639 1120 nee
667 1084 771 1121 nasci
799 1088 928 1133 potest
954 1095 1026 1121 nee
1052 1085 1168 1135 mori,
1195 1085 1253 1122 vel
1281 1084 1459 1123 concidat
1485 1097 1597 1123 omne

52 1141 201 1181 caelum
234 1143 436 1191 omnisque
471 1146 607 1178 natura
641 1143 827 1179 consistat
860 1153 1019 1179 necesse
1054 1150 1113 1180 est
1146 1155 1215 1180 uec
1249 1144 1324 1180 vim
1357 1142 1473 1181 ultam
1506 1156 1599 1182 nan-

50 1202 239 1251 ciscatur,
272 1212 347 1251 qua
378 1211 402 1237 a
436 1201 560 1250 primo
594 1199 744 1250 inpulsa
776 1206 988 1238 moveatur.
1051 1200 1147 1238 Cum
1174 1207 1302 1251 pateat
1329 1203 1447 1250 igitur
1474 1208 1597 1240 aeter-

51 1271 144 1298 num
176 1257 212 1296 id
246 1252 349 1309 esse,
382 1257 484 1308 quod
518 1270 558 1296 se
592 1258 718 1309 ipsum
753 1265 919 1310 moveat,
959 1260 1045 1309 quis
1078 1265 1138 1298 est
1177 1262 1242 1310 qui
1281 1259 1380 1298 hanc
1420 1267 1598 1299 naturam

50 1318 189 1356 animis
216 1329 301 1355 esse
328 1316 514 1355 tributam
542 1314 684 1367 neget?
735 1316 950 1355 Inanimum
978 1323 1037 1356 est
1063 1319 1166 1357 euim
1193 1331 1325 1369 omne,
1353 1319 1455 1369 quod
1484 1319 1598 1370 pulsu

50 1377 217 1427 agitatur
249 1381 429 1427 extern03
463 1375 564 1426 quod
599 1381 727 1414 autem
761 1382 819 1414 est
851 1376 1007 1427 animal,
1040 1377 1076 1415 id
1111 1383 1218 1416 motu
1251 1379 1377 1416 cietur
1410 1379 1596 1416 interiore

48 1440 90 1473 et
122 1446 204 1473 suo.
266 1433 362 1472 Nam
388 1434 483 1472 haec
510 1442 569 1473 est
594 1436 751 1485 propria
777 1441 914 1473 natura
941 1437 1058 1474 animi
1091 1441 1206 1486 atque
1234 1438 1308 1487 vis,
1342 1449 1439 1487 quae
1473 1438 1505 1475 si
1537 1444 1596 1476 est

48 1584 245 1625 videretur,
293 1583 428 1618 ideirco
472 1584 696 1628 assignatum
739 1587 788 1618 est

49 1632 122 1666 deo.
173 1630 217 1664 de
243 1630 313 1674 leg.
345 1630 359 1664 I
386 1633 428 1664 22
440 1657 446 1672 ‚
474 1634 516 1665 58
551 1631 654 1665 cuius
681 1642 787 1674 prae-

49 1678 141 1722 cepti
160 1680 264 1711 tanta
282 1677 336 1711 vis
355 1680 386 1711 et
410 1680 514 1711 tanta
533 1678 708 1712 sententia
727 1682 788 1720 est,

908 1588 962 1618 54.
990 1596 1074 1619 nam
1106 1586 1334 1641 principium
1373 1586 1442 1620 cet.
1493 1585 1600 1620 Plato

860 1631 992 1666 Phadr.
1019 1631 1043 1666 l
1065 1643 1094 1667 c.
1131 1629 1246 1687 ἀρχῆς
1277 1630 1348 1688 γὰρ
1381 1629 1423 1666 δν
1467 1629 1601 1689 ἀποξῦ-

861 1675 973 1722 μένης
1005 1676 1089 1713 οὔτε
1117 1676 1212 1723 αὐτή
1238 1676 1323 1735 nqt'
1359 1677 1399 1713 ἔκ
1425 1692 1489 1714 του
1517 1677 1599 1714 οὔτε

49 1728 90 1760 ut
126 1736 168 1759 ea
203 1734 276 1759 iton
312 1725 449 1758 homini
484 1725 689 1768 quoipiam,
728 1725 789 1760 sed

49 1771 224 1815 Delphico
249 1771 311 1806 deo
337 1771 564 1806 tribueretur.

97 1821 152 1853 53.
177 1818 273 1852 ratio
300 1835 343 1846 =
369 1819 612 1853 ratiocinatio.

95 1866 137 1900 in
163 1865 329 1900 Phaedro
364 1877 399 1909 p.
432 1868 537 1901 2450.
566 1884 608 1890 -
637 1865 709 1900 Cic.
746 1866 790 1901 de

50 1923 89 1947 re
115 1912 213 1957 publ.
241 1912 291 1946 VI
317 1923 346 1946 c.
373 1915 416 1946 25
444 1924 477 1946 u.
504 1916 558 1947 26.

96 1959 187 2004 Kap.
208 1958 273 1997 23.
307 1959 402 2004 quod
420 1963 538 1994 autem
555 1980 597 1984 —
611 1960 788 2005 quodque:

49 2006 174 2042 beides
199 2005 248 2040 ist
280 2019 324 2041 zu
349 2005 469 2040 einem
490 2006 630 2052 Begriff
651 2019 788 2042 zusam-

50 2053 316 2096 menzufassen3
345 2053 425 2088 ‘das
450 2053 509 2088 ein
541 2054 693 2089 anderes
724 2054 787 2089 be-

50 2100 241 2145 wegende‚
291 2100 448 2136 welches
497 2101 664 2146 zugleich
715 2113 787 2136 von

49 2148 167 2183 einem
193 2147 353 2182 anderen
378 2147 524 2193 bewegt
542 2148 661 2182 wird’.
705 2149 788 2183 Und

49 2194 183 2240 gerade
209 2195 246 2229 in
272 2194 336 2229 der
359 2195 514 2230 zweiten
533 2195 789 2241 Bestimmung

49 2241 141 2287 liegt
171 2241 235 2276 der
270 2240 395 2276 Grund
429 2241 493 2276 der
524 2242 787 2287 Verg'anglich-

51 2288 136 2324 keit.
186 2288 260 2322 Der
291 2287 496 2333 Gegensatz
529 2301 572 2323 zu
603 2300 638 2324 se
669 2291 788 2334 ipsam

49 2338 184 2370 moveat
219 2335 359 2370 fordert
395 2335 564 2379 deshalb‚
610 2336 689 2371 dass
726 2348 786 2381 ge-

50 2382 243 2417 schrieben
262 2382 382 2417 werde
402 2383 567 2425 aliunde,
592 2383 696 2418 nicht
722 2385 787 2418 ali-

50 2430 173 2464 cunde.
225 2428 260 2463 S.
286 2431 398 2464 unten
424 2433 443 2472 ξ
470 2434 514 2464 54
539 2431 697 2465 aliunde.

95 2477 259 2511 movendi
299 2493 342 2505 =
378 2478 546 2512 motionis
589 2477 677 2512 oder
721 2478 786 2512 τοῦ

49 2525 248 2558 κινεῖσθαι.
309 2523 383 2558 Das
427 2524 652 2559 Gerundium
696 2525 786 2560 wird

49 2569 238 2605 bisweilen
274 2569 326 2604 im
362 2569 471 2606 Sinne
507 2571 606 2606 eines
634 2571 787 2607 Verbal-

50 2617 273 2652 substantivs
305 2618 518 2663 gebraucht.
568 2618 669 2653 Verr.
704 2620 785 2654 Act.

50 2664 65 2698 I
105 2667 158 2707 18,
197 2668 241 2699 54
277 2665 362 2699 haec
397 2665 600 2710 frequentia
624 2686 670 2692 —
695 2677 786 2711 quae

50 2711 210 2746 convenit
235 2722 308 2746 uno
332 2715 485 2756 tempore
504 2714 662 2757 undique
682 2714 786 2748 comi-

51 2757 200 2800 tiorum,
225 2759 391 2793 ludorum
414 2761 645 2804 censendique
664 2771 785 2795 causa.

51 2803 144 2838 Just.
170 2803 272 2840 XVII
298 2809 337 2848 3,
366 2810 405 2840 11
434 2806 522 2841 A]
493 2818 510 2841 r
511 2808 601 2852 Jbas
627 2807 788 2843 Athenas

50 2850 238 2886 erudiendi
261 2854 383 2897 qratia
408 2855 544 2888 missus.

121 2915 243 2950 Harax-z,
264 2916 323 2943 Cic.
343 2918 464 2945 ‘tuscul

860 1723 946 1759 ἄλλο
975 1722 1012 1767 ἐξ
1035 1722 1180 1769 ἐκείνης
1199 1723 1411 1770 γενήσεται,
1438 1727 1541 1770 εἴπερ
1564 1724 1601 1768 ἐξ

860 1769 975 1817 ἀρχῆς
1001 1774 1065 1807 δεῖ
1084 1770 1128 1807 τὰ
1154 1771 1277 1808 πάντα
1303 1774 1510 1817 γι’.γνεσθαι

911 1848 953 1871 ea:
979 1848 1016 1872 eo
1040 1838 1105 1879 sit,
1131 1839 1226 1882 quod
1263 1838 1320 1872 ‘zu
1347 1838 1411 1872 der
1437 1838 1603 1883 Gattung

863 1884 993 1919 dessen
1022 1884 1171 1928 gehort,
1204 1885 1295 1919 das'.
1348 1885 1393 1919 de
1420 1885 1477 1921 off.
1505 1885 1521 1919 Ι
1547 1890 1603 1930 30,

866 1935 930 1966 107
951 1932 1092 1966 duabus
1114 1952 1155 1957 —
1177 1933 1324 1967 indutos
1342 1943 1412 1967 esse
1426 1934 1603 1977 personis,

862 1989 1015 2023 quarum
1048 1990 1125 2013 una
1159 1980 1355 2014 eommunis
1389 1983 1438 2014 est
1472 1991 1515 2014 ex
1552 1991 1602 2023 eo,

861 2027 956 2070 quod
992 2036 1110 2061 omnes
1148 2027 1344 2071 participes
1381 2038 1505 2061 sumus
1542 2040 1600 2063 ra-

861 2074 988 2115 tionis,
1016 2072 1136 2107 ‘daria
1160 2073 1325 2117 besteht,
1351 2073 1458 2109 dass'

909 2139 959 2172 vel
993 2139 1157 2172 concidat
1192 2140 1260 2173 cet.
1328 2134 1350 2182 ἢ
1395 2135 1519 2173 πάντα
1564 2151 1601 2174 τε

861 2198 1023 2227 Ουῼανῦν
1059 2183 1183 2219 πᾶσαν
1215 2198 1252 2220 758
1286 2184 1432 2241 γένεσιν
1465 2198 1601 2231 συμπὲ-

861 2232 999 2266 σοῦσαν
1017 2232 1168 2287 στῆναι
1209 2232 1271 2266 καὶ
1309 2230 1446 2277 μήποτε
1488 2221 1602 2274 αὖθις

862 2278 977 2323 ἔχειν,
1016 2275 1109 2313 ὅθεν
1147 2277 1352 2324 κινηθέντα
1394 2278 1599 2324 γενήσεται.

862 2347 904 2351 —
927 2326 971 2360 Se
973 2325 1083 2370 yffert
1101 2327 1227 2361 machi:
1245 2326 1313 2361 mit
1333 2327 1451 2361 Recht
1471 2328 1604 2363 darauf

860 2373 1126 2416 aufmerksam,
1174 2373 1253 2408 dass
1296 2385 1383 2408 man
1426 2374 1506 2409 hier
1549 2375 1599 2408 im

861 2420 1029 2455 direkten
1063 2420 1292 2464 Gegensatze
1324 2424 1389 2456 aut
1421 2423 1601 2456 erwarten

860 2467 970 2509 solle,
1004 2468 1051 2502 da
1078 2469 1130 2502 vel
1157 2468 1344 2503 entweder
1375 2468 1599 2512 bezeichnet‚

860 2514 938 2549 dass
959 2514 1016 2549 fiir
1035 2515 1106 2549 den
1125 2516 1339 2560 gegebenen
1359 2515 1441 2550 Fau
1460 2515 1598 2560 gleich-

858 2562 980 2643 {tigzig
995 2562 1064 2643 seri,
1085 2563 1242 2614 welehes
1256 2562 1478 2644 {qn-beiden
1494 2564 1599 2615 statt-

884 2621 907 2643 n
936 2620 954 2643 e
1017 2620 1037 2643 o
1066 2619 1104 2643 er
1148 2620 1228 2644 eme
1312 2621 1344 2644 e1
1373 2620 1488 2643 eruno*
1527 2621 1600 2643 em-

858 2637 976 2699 ffihrt}
1021 2656 1126 2691 ‘oder
1165 2621 1371 2691 vielmehr’g.
1423 2638 1495 2690 013.
1535 2655 1600 2690 hat

859 2701 925 2737 auf
940 2702 998 2737 die
1014 2702 1232 2748 Bedeutung
1245 2703 1308 2738 des
1330 2699 1350 2746 ἢ
1372 2702 1476 2737 nicht
1494 2703 1600 2737 recht

859 2749 1094 2794 aehtgehabt.

905 2811 1042 2842 natura
1073 2811 1104 2842 et
1137 2810 1206 2850 cis,
1245 2804 1352 2842 οὐσία
1386 2807 1447 2842 καὶ
1480 2805 1600 2853 λόγος,

863 2854 997 2889 Wesen
1023 2855 1097 2888 und
1124 2854 1268 2900 Begriff.

1299 2918 1317 2948 3
