1817 3103
153 468 218 499 117

222 113 275 155 68
739 112 786 148 M.
814 111 975 147 TULLII
1001 111 1254 147 CICERONIS

222 223 399 263 eliciatur
432 219 530 262 suo’.
575 222 744 261 Veniunt
774 222 864 261 inde
897 222 944 260 ad
975 223 1175 273 propiora:
1208 221 1441 262 Harmodius
1472 223 1514 261 in
1545 234 1612 261 ore
1644 227 1704 262 cst
1733 229 1773 263 et

221 282 479 334 Aristogiton,
511 281 841 321 Lacedaemonius
867 281 1077 332 Leonidas,
1109 280 1319 319 Thebanus
1345 279 1632 331 Epaminondas
1659 283 1772 333 viget.

222 340 387 380 Nostros
418 353 496 380 non
528 346 692 391 norunt,
724 352 822 392 quos
854 351 1086 379 enumerare
1119 351 1302 390 magnum
1333 345 1410 378 est:
1440 341 1493 378 ita
1524 345 1617 379 sunt
1647 340 1771 393 multi,

223 399 366 451 quibus
399 400 573 438 videmus
605 398 795 450 optabiles
827 404 974 438 mortes
1006 398 1126 437 fuisse
1159 409 1248 436 cum
1280 397 1412 448 gloria.

341 458 447 504 Quae
481 470 569 496 cum
602 459 654 496 ita
686 459 781 510 sint,
816 469 952 508 magna
984 462 1114 496 tamen
1147 456 1367 508 eloquentia
1401 462 1461 496 est
1498 457 1687 496 utendum
1719 464 1772 497 at-

223 530 299 568 que
331 519 383 555 ita
415 517 521 555 velut
553 518 757 567 superiore
790 529 810 555 e
842 516 927 554 loco
960 515 1284 567 contionandum,
1320 521 1364 554 ut
1399 515 1576 554 homines
1608 521 1773 555 mortem

222 576 281 615 vel
314 581 448 627 optare
480 576 669 626 incipiant
700 575 760 613 vel
792 580 898 613 certe
931 576 1068 613 timere
1101 574 1301 614 desistant.
1363 573 1460 613 Nam
1497 576 1530 612 si
1567 586 1775 626 supremus

223 635 286 673 ille
319 634 402 673 dies
435 646 512 672 non
546 635 863 685 exstinctionem,
902 633 970 672 sed
1009 628 1353 678 commutationem
1390 633 1516 671 adfert
1551 632 1644 686 loci,
1682 633 1775 685 quid

222 690 462 745 optabilius?
525 692 593 731 Sin
619 698 750 731 autem
776 693 933 745 perimit
959 704 1003 730 ac
1038 691 1141 731 delet
1167 693 1342 744 omnino,
1376 691 1468 743 quid
1494 691 1633 731 melius
1660 704 1777 744 quam

223 753 261 790 in
302 751 441 790 mediis
480 752 578 790 vitae
617 750 816 790 laboribus
855 751 1145 790 obdormiscere
1190 758 1229 789 et
1265 752 1317 789 ita
1355 752 1600 789 coniventem
1639 763 1775 790 somno

222 812 421 862 consopiri
459 807 727 862 sempiterno?
789 809 901 856 Quod
940 811 973 848 si
1012 810 1093 862 fiat,
1134 809 1272 848 melior
1309 809 1427 848 Ennii
1464 821 1580 860 quam
1623 809 1777 848 Solonis

221 871 357 908 oratio.
419 868 492 908 Hic
531 871 634 908 enim
673 875 807 908 noster
840 866 969 908 ‘nemo
1011 881 1072 907 me
1111 868 1280 908 lacrimis
1321 865 1497 907 decoret'
1530 870 1657 920 inquit
1687 865 1776 907 ‘nec

223 928 360 967 funera
393 928 487 967 fletu
520 925 654 967 saxitl’
717 928 765 966 At
798 940 888 966 vero
922 927 984 966 ille
1017 929 1189 979 sapiens:

422 999 536 1037 Mors
567 1011 656 1038 mccl
688 1011 737 1037 ne
769 1004 912 1037 carcat
944 1001 1143 1037 lacrimis:
1174 1001 1400 1047 linquamus
1432 1000 1572 1037 amicis

481 1069 723 1104 maerorem,
756 1062 800 1096 ut
831 1058 1032 1097 celebrent
1060 1057 1213 1106 funera
1244 1069 1333 1096 cum
1362 1059 1525 1106 qemitu.

154 1127 302 1169 118Nos
328 1140 440 1179 vero,
471 1129 503 1166 si
533 1127 625 1178 quid
652 1126 727 1166 tale
755 1127 957 1178 acciderit,
989 1132 1033 1165 ut
1064 1139 1084 1165 a
1116 1127 1189 1165 deo
1216 1126 1489 1166 denuntiatum
1513 1127 1704 1179 videatur,
1734 1133 1778 1166 ut

0 1462 88 1605 f

0 1763 8 1800 >

0 1760 129 1962 ff

0 1852 158 2162 ff

0 1236 180 1489 pff

224 1199 407 1226 exeamus
440 1199 460 1224 e
493 1188 588 1238 vita,
620 1186 711 1224 laeti
743 1192 782 1225 et
813 1191 972 1236 agentes
1004 1187 1149 1237 gratias
1180 1198 1386 1237 pareamus
1419 1187 1622 1237 emittique
1654 1198 1726 1225 nos
1758 1198 1778 1225 e

223 1245 401 1285 custodia
433 1251 472 1284 et
503 1245 622 1284 levari
654 1245 790 1284 vinclis
823 1244 1078 1297 arbitremur,
1116 1250 1160 1284 ut
1197 1250 1264 1283 aut
1294 1246 1334 1283 in
1366 1250 1566 1284 aeternam
1596 1250 1635 1284 et
1666 1245 1779 1296 plane

222 1306 264 1344 in
295 1310 471 1343 nostram
502 1304 660 1343 domum
687 1305 946 1355 remigremus
979 1309 1045 1343 aut
1076 1305 1181 1342 omni
1214 1315 1332 1342 sensu
1360 1303 1617 1354 molestiaque
1649 1316 1777 1343 carea-

223 1375 329 1415 mus;
374 1364 434 1402 sin
472 1369 603 1402 autem
641 1362 736 1401 nihil
773 1362 1087 1414 denuntiabitur,
1131 1375 1177 1401 eo
1216 1368 1345 1401 tamen
1384 1363 1507 1401 simus
1545 1364 1692 1416 animo,
1735 1369 1780 1402 ut
1816 1399 1817 1420 ἢ

224 1421 453 1460 horribilem
498 1421 606 1460 illum
651 1421 754 1460 diem
799 1422 900 1473 aliis,
944 1421 1056 1460 nobis
1095 1422 1266 1460 faustum
1303 1426 1487 1472 putemus
1525 1420 1701 1473 nihilque
1738 1423 1778 1460 in

224 1480 335 1519 malis
362 1480 562 1532 ducamus,
590 1480 694 1532 quod
721 1482 771 1519 sit
796 1481 854 1518 vel
882 1492 902 1518 a
928 1480 987 1518 dis
1013 1479 1296 1519 immortalibus
1323 1480 1382 1518 vel
1408 1492 1428 1518 a
1454 1486 1592 1519 natura
1615 1485 1777 1532 parente

1084 1607 1144 1642 ille
1167 1607 1328 1651 sapiens,
1354 1606 1459 1641 nicht
1485 1607 1602 1652 ‘jener
1624 1606 1778 1650 Weise’,

1039 1654 1197 1688 sondern
1224 1653 1359 1697 ‘jener,
1386 1654 1450 1688 der
1475 1652 1570 1689 doch
1594 1653 1705 1689 weise
1730 1654 1780 1689 ist

1038 1701 1126 1736 oder
1139 1701 1210 1735 den
1223 1700 1425 1735 Beinamen
1437 1700 1501 1735 des
1515 1700 1665 1736 Weisen
1684 1701 1779 1736 hat’.

1088 1749 1193 1783 Illors
1217 1759 1313 1783 mea:

271 1606 364 1651 Kap.
385 1605 448 1641 49.
499 1607 540 1641 in
559 1617 618 1641 ore
637 1610 686 1641 est
704 1606 869 1641 nttmlich
887 1607 964 1641 rhe-

224 1654 373 1688 toribus.
598 1660 601 1664 ⁴

270 1704 397 1735 mortes
417 1711 495 1734 cum
513 1701 650 1744 gloria,
676 1701 709 1736 d.
731 1701 752 1735 i.
779 1701 966 1746 yloriosae,

225 1748 285 1783 ein
311 1747 527 1782 Substantiv
563 1747 632 1782 mit
666 1748 766 1783 einer
797 1748 966 1792 Pr'aposi-

223 1795 304 1830 tion
330 1795 423 1829 statt
459 1794 558 1829 eines
588 1794 775 1839 Adjektiw
827 1797 860 1830 H
886 1800 919 1838 3,
946 1800 965 1829 7

225 1843 407 1877 lectionem
432 1843 508 1876 sine
539 1843 616 1877 ulla
644 1843 883 1877 delectatione.
934 1842 965 1876 V

226 1893 259 1933 5,
288 1893 329 1924 13
355 1890 531 1933 imayz'nes
556 1900 636 1923 cum
661 1890 885 1933 amplissima
912 1890 964 1924 di-

224 1937 371 1981 ynitate.

275 1987 353 2017 117.
383 1984 482 2028 Quae
507 1994 586 2018 cum
615 2004 656 2008 -—
683 1984 772 2025 sint,
804 1983 966 2018 obschon

225 2030 286 2065 die
304 2029 490 2075 Beispiele
515 2030 553 2065 in
573 2031 716 2065 solcher
735 2030 866 2074 Menge
887 2042 963 2065 vor—

225 2077 371 2113 handen
397 2077 488 2112 sind.

273 2128 378 2169 atque
403 2126 474 2166 tta,
511 2125 543 2158 (1.
572 2125 593 2158 i.
626 2135 760 2168 maqna
791 2136 870 2158 cum
900 2125 967 2159 elo-

225 2173 382 2216 quentia.
433 2173 487 2206 itu
518 2172 623 2206 weisl:
653 2172 733 2206 also
769 2172 873 2206 nicht
904 2171 970 2206 auf

226 2219 292 2253 das
319 2219 491 2263 folgende
516 2223 557 2253 ut
582 2219 663 2262 hin,
696 2219 761 2253 das
787 2219 967 2253 vielmehr

227 2265 285 2300 die
305 2266 461 2300 Absicht
486 2266 696 2300 ausdruckt.
718 2286 761 2290 ——
784 2266 967 2309 superiore

227 2324 245 2346 e
270 2313 360 2354 loco,
388 2323 459 2347 von
485 2313 549 2347 der
574 2313 854 2348 Rednerbiihne.

276 2359 380 2404 Quod
405 2361 437 2394 st
467 2360 533 2402 fiat
570 2359 715 2394 bezieht
752 2359 830 2394 sich
864 2359 968 2394 nieht

226 2406 322 2441 bloss
355 2406 421 2441 auf
449 2407 514 2441 das
540 2407 683 2450 Letzte,
716 2408 873 2441 sondern
906 2407 971 2441 auf

227 2454 286 2489 die
312 2454 445 2488 beiden
470 2453 796 2499 vorhergehenden
822 2454 934 2488 Fene.

273 2502 331 2535 hic
351 2521 393 2526 -—
414 2501 484 2536 ille.
536 2501 605 2536 Wo
631 2502 689 2535 lzz'c
714 2500 792 2535 sich
816 2501 882 2535 auf
899 2501 970 2535 den

227 2548 431 2582 entfernter
445 2548 647 2582 stehenden
661 2547 802 2592 Begriff
812 2547 970 2590 bezieht,

226 2595 443 2629 bezeichnet
467 2606 505 2629 es
539 2595 633 2629 doch
658 2595 789 2629 immer
815 2595 879 2629 das
906 2595 970 2629 der

228 2642 307 2676 Zeit
327 2642 415 2676 oder
434 2642 518 2676 dem
539 2641 741 2676 Gedanken
763 2642 858 2676 nach
886 2642 970 2676 dem

228 2689 372 2724 Redner
412 2689 591 2724 zuniichst
626 2688 803 2733 liegende.
855 2690 970 2732 1121»,

227 2740 272 2771 49
301 2736 488 2770 Pacuvius
519 2737 582 2771 hoc
613 2737 737 2770 melius
767 2748 875 2780 quam
907 2736 969 2770 So·

222 2784 384 2827 pltocles:
428 2784 528 2827 apud
565 2785 669 2817 illum
705 2782 867 2818 nttmlich
906 2784 970 2817 b'o-

226 2831 394 2873 phoclem.

275 2877 388 2912 Nemo
415 2889 483 2912 me.-
512 2882 570 2921 15,
599 2882 652 2912 34.

1038 1794 1149 1839 Μηδὲ
1170 1808 1231 1840 μοι
1251 1792 1456 1834 ἄκλαυστος
1474 1792 1643 1850 {iduatus
1663 1793 1780 1840 μόλοι,

1461 1844 1553 1876 ccl-ko:
1581 1844 1720 1887 φίλοισι

1040 1887 1245 1934 Ποιήσαιμι
1280 1886 1414 1923 θανών
1449 1886 1565 1943 ἅλγεᾳ
1602 1888 1665 1924 καὶ
1701 1902 1779 1925 στο-

1039 1983 1166 2018 Damit
1191 1984 1331 2028 sprieht
1357 1950 1589 2018 Solonvassgrg·
1600 1983 1664 2018 das
1689 1983 1780 2018 Ver-

1040 2032 1175 2075 langen
1219 2031 1312 2065 nach
1356 2030 1547 2065 Freunden
1590 2042 1672 2074 aus,
1721 2031 1780 2065 die

1034 2079 1130 2119 ,fiber
1161 2077 1286 2112 seinen
1313 2077 1392 2112 Tod
1425 2077 1596 2113 Schmerz
1627 2078 1780 2122 empfin-

1040 2125 1128 2166 den,
1150 2124 1254 2158 nicht
1273 2124 1353 2159 eine
1368 2123 1486 2168 Klage
1507 2125 1598 2159 iiber
1616 2124 1689 2160 den
1702 2125 1782 2160 'rod
1805 2160 1806 2163 ,

1040 2171 1171 2215 selbst,
1200 2171 1267 2205 wie
1294 2171 1346 2206 sie
1365 2171 1443 2205 ihm
1465 2171 1536 2207 Cic.
1558 2172 1638 2206 hier
1657 2174 1780 2207 unter-

1039 2220 1127 2263 legt.
1178 2218 1377 2253 Dieselben
1399 2218 1512 2253 Verse
1540 2218 1621 2253 sind
1640 2219 1684 2254 de
1705 2230 1780 2254 sen.

1039 2270 1102 2309 20,
1130 2270 1172 2300 73
1200 2266 1574 2310 zusammengestellt.

1091 2317 1168 2348 118.
1194 2313 1354 2357 nihilque
1372 2313 1413 2347 in
1432 2314 1538 2348 malis
1553 2314 1619 2348 cet.
1647 2313 1692 2348 de
1707 2324 1781 2349 sen.

1041 2365 1072 2403 2,
1100 2364 1121 2394 4
1147 2361 1210 2404 qui
1237 2361 1358 2394 omnia
1385 2361 1479 2394 bona
1503 2372 1527 2394 α
1551 2371 1586 2395 se
1609 2361 1700 2404 ipsis
1720 2371 1780 2405 pe-

1041 2411 1139 2449 tunt,
1172 2407 1220 2442 iis
1243 2408 1337 2441 nihil
1356 2410 1473 2451 potest
1497 2408 1632 2442 malum
1655 2407 1783 2450 videri,

1042 2455 1136 2499 quod
1155 2458 1310 2489 naturae
1329 2455 1518 2489 necessitas
1537 2455 1676 2497 afferat.
1712 2454 1780 2489 Ge-

1042 2502 1130 2536 rade
1156 2501 1281 2536 diesen
1307 2500 1449 2544 Grund,
1482 2501 1546 2535 der
1572 2501 1640 2536 mit
1665 2501 1784 2536 Recht

1042 2549 1080 2583 in
1101 2549 1145 2583 de
1161 2550 1294 2583 seneet.
1310 2548 1579 2591 vorangestellt
1597 2549 1657 2591 ist,
1678 2549 1782 2583 hatte

1044 2596 1116 2630 Cic.
1138 2595 1176 2629 in
1195 2595 1260 2629 der
1272 2593 1522 2640 Abhandlung
1547 2595 1675 2631 weiter
1700 2606 1782 2630 aus-

1042 2643 1175 2677 fiihren
1200 2642 1329 2677 sollen.

1090 2690 1143 2724 vel
1178 2701 1201 2724 α
1235 2690 1292 2724 dis
1318 2709 1360 2714 —-
1387 2689 1439 2724 vel
1472 2701 1496 2723 α
1532 2693 1686 2731 natura,
1723 2689 1783 2724 die

1044 2737 1174 2771 Gotter
1223 2736 1319 2771 nach
1363 2736 1446 2771 dem
1491 2736 1797 2781 Volksglauben,¹

1043 2784 1130 2818 oder
1167 2783 1225 2818 die
1270 2781 1398 2826 φύσις,
1444 2783 1502 2817 die
1547 2783 1783 2818 allwaltende

1042 2830 1226 2865 Vernunft
1250 2830 1345 2865 nach
1371 2831 1435 2864 der
1460 2829 1575 2865 Lehre
1609 2830 1673 2865 der
1697 2829 1783 2864 Phi—

1042 2878 1230 2922 losophen.
