1849 3103
123 647 165 678 78
181 640 441 692 plicaverunt,
474 642 556 679 sine
590 643 735 692 gemitu
768 642 999 680 aduruntur.

182 59 264 102 136
696 60 743 95 Μ.
771 60 931 96 TULLII
957 60 1209 97 CICERONIS

178 170 270 208 huic
308 169 417 208 beata
457 172 642 221 sapientis
681 177 720 209 et
757 173 971 210 constantis
1009 172 1081 209 viri
1120 173 1194 210 vita
1237 168 1377 210 cedet?
1437 170 1559 216 Quam
1601 178 1732 226 turpe,

180 242 201 266 0
240 228 278 266 di
316 227 424 267 boni!
487 228 605 268 Pueri
648 229 862 281 Spartiatae
906 242 983 268 non
1027 232 1300 281 ingemescunt
1344 229 1550 269 verberum
1595 230 1732 271 dolore

180 286 329 338 laniati3
371 286 680 327 adulescentium
712 301 849 340 greges
882 289 1173 327 Lacedaemone
1206 288 1373 327 vidimus
1405 290 1479 340 ipsi
1510 289 1732 330 incredibili

180 347 430 384 contentione
471 352 666 386 certantes
704 350 862 400 pugnis,
901 347 1090 399 calcibus,
1128 347 1343 399 unguibus,
1382 359 1515 386 morsu
1548 347 1731 402 denique,

180 417 270 443 cum
307 406 624 445 exanimarentur
661 409 788 458 prius,
830 419 945 457 quam
977 408 1101 445 victos
1140 418 1180 444 se
1214 407 1441 445 faterentur.
1504 405 1610 452 Quae
1641 407 1729 447 bar-

179 462 286 502 baria
319 463 425 503 India
457 467 601 503 vastior
633 471 699 504 aut
731 463 951 516 agrestior?
1012 465 1055 504 In
1094 477 1137 503 ea
1170 471 1298 504 tamen
1330 471 1445 515 gente
1478 467 1647 516 primum
1681 468 1733 518 ei,

180 524 247 573 qui
279 525 474 574 sapientes
506 523 719 576 habentur,
757 525 850 563 nudi
889 530 1054 563 aetatem
1093 530 1211 575 agunt
1245 530 1283 562 et
1315 524 1477 562 Caucasi
1510 525 1617 563 nives
1650 525 1730 564 hie-

179 581 397 632 malemque
431 584 506 620 vim
538 583 745 633 perferunt
776 585 859 621 sine
893 583 1043 634 dolore,
1086 595 1253 633 cumque
1285 583 1331 621 ad
1364 583 1558 621 flammam
1590 596 1631 622 se
1664 583 1728 622 ad-

1062 641 1245 680 Mulieres
1278 653 1369 680 vero
1401 643 1442 680 in
1474 641 1599 694 India,
1639 654 1729 681 eum

181 705 240 737 est
278 701 497 738 communis
536 712 668 739 earum
708 701 765 738 vir
805 706 1002 752 mortuus,
1043 701 1082 738 in
1125 705 1322 739 certamen
1364 700 1630 752 iudiciumque
1668 714 1732 740 ve·

179 759 305 810 niunt,
337 770 453 808 quam
485 758 697 809 plurimum
728 758 792 798 ille
826 759 1006 798 dilexerit
1036 780 1083 786 —
1113 759 1246 810 plures
1279 760 1382 797 enim
1416 759 1578 809 singulis
1604 759 1732 799 solent

180 828 266 855 esse
307 823 452 867 nuptae
493 830 564 856 —:
606 829 705 868 quae
750 823 810 856 est
847 820 1002 869 victrIx,
1044 830 1087 856 ea
1132 818 1230 856 laeta
1274 818 1605 869 prosequentibus
1649 820 1734 857 suis

179 887 255 914 una
301 887 390 914 cum
434 877 516 914 viro
567 877 606 914 in
656 888 795 927 rogum
844 879 1063 928 inponitur,
1113 876 1176 915 illa
1220 878 1318 915 victa
1363 882 1509 915 maesta
1553 876 1731 916 discedit.

178 934 399 985 Numquam
431 940 610 973 naturam
643 947 727 973 mos
759 936 950 986 vinceret,
984 940 1043 974 est
1074 936 1178 973 enim
1211 947 1254 973 ea
1286 947 1442 985 semper
1467 936 1627 987 invicta3
1661 935 1729 975 sed

178 1005 250 1031 nos
282 992 432 1031 umbris
465 993 633 1044 deliciis,
671 995 749 1031 otio
783 993 969 1044 languore
1002 993 1147 1032 desidia
1181 995 1351 1032 animum
1384 994 1611 1046 infecimus,
1649 996 1732 1045 opi-

179 1050 362 1090 nionibus
395 1051 573 1102 maloque
606 1064 714 1091 more
747 1052 961 1091 delenitum
988 1051 1233 1091 mollivimus.
1278 1053 1556 1103 Aegyptiorum
1582 1064 1734 1091 morem

179 1111 266 1160 quis
298 1108 481 1161 ignorat?
523 1122 691 1161 quorum
730 1111 889 1149 inbutae
930 1117 1081 1150 mentes
1119 1113 1319 1161 pravitatis
1359 1111 1561 1150 erroribus
1600 1123 1732 1163 quam-

179 1170 236 1207 vis
270 1169 534 1207 carnificinam
572 1171 683 1220 prius
722 1169 916 1209 subierint
955 1182 1071 1221 quam
1109 1169 1203 1208 ibim
1242 1176 1308 1208 aut
1345 1169 1518 1221 aspidem
1558 1176 1625 1209 aut
1657 1171 1735 1209 fae·

178 1227 254 1266 lem
292 1233 358 1266 aut
396 1239 532 1267 canem
570 1234 637 1267 aut
675 1229 915 1268 crocodilum
952 1229 1115 1281 violent,
1160 1241 1327 1280 quorum
1374 1230 1490 1268 etiam
1529 1230 1562 1267 si
1598 1230 1733 1280 inpru-

179 1286 316 1325 dentes
350 1288 548 1338 quippiam
582 1287 758 1339 fecerint,
790 1300 955 1340 poenam
988 1287 1133 1327 nullam
1166 1295 1360 1327 recusent.
1422 1287 1477 1326 De
1508 1286 1735 1327 hominihus

993 1413 1136 1447 Frauen
1161 1414 1398 1448 voraussetzt.
1449 1413 1534 1447 Man
1564 1413 1630 1447 hat
1654 1413 1733 1448 des—

993 1460 1081 1494 halb
1114 1462 1314 1502 vermutet,
1349 1470 1385 1494 es
1419 1460 1470 1494 sei
1505 1460 1614 1495 turba
1638 1461 1734 1495 vieta

993 1507 1082 1542 oder
1106 1507 1191 1542 illae
1216 1508 1329 1541 vietae
1354 1519 1397 1541 zu
1423 1506 1626 1542 schreiben.

229 1416 281 1446 77.
333 1412 629 1446 Adulescentium
671 1423 811 1457 qreyes:
861 1413 920 1447 die

181 1458 462 1503 spartanischen
493 1458 694 1504 Jfinglinge
726 1471 847 1494 waren
882 1460 920 1494 in

179 1503 311 1550 ἀγέλαι
343 1505 431 1540 oder
458 1507 568 1548 βοῦαι
600 1506 810 1551 eingeteilt,
844 1518 920 1541 was

179 1553 255 1588 sich
287 1552 343 1587 bis
374 1552 411 1586 in
449 1552 508 1588 die
542 1553 725 1588 r6mische
757 1554 835 1588 Zeila
867 1566 920 1589 er-

178 1600 306 1634 halten
334 1611 376 1633 zu
402 1600 523 1635 haben
550 1600 704 1635 scheint.

226 1647 382 1681 vidimus
413 1648 504 1691 ipsi,
539 1647 726 1682 entweder
759 1648 818 1682 bei
851 1648 920 1682 sei-

179 1705 264 1729 nem
308 1694 529 1728 Aufenthalt
571 1694 608 1728 in
649 1695 921 1730 Griechenland

181 1744 317 1776 79—77
346 1743 384 1784 (s.
405 1741 457 1775 III
483 1745 539 1785 22,
560 1743 629 1786 53),
658 1742 745 1777 oder
770 1743 829 1777 bei
856 1743 921 1777 der

178 1788 378 1823 Riickkehr
403 1799 468 1823 aus
493 1789 558 1823 der
572 1789 727 1835 Erovinz
752 1789 802 1824 im
827 1789 859 1824 J.
876 1793 920 1824 50

180 1837 220 1879 (s.
254 1847 282 1869 z.
308 1835 340 1868 V
367 1838 405 1879 8,
438 1838 509 1880 22).
569 1836 668 1871 Uber
704 1836 763 1871 die
803 1836 919 1872 Sache

180 1882 294 1917 selbst
317 1882 390 1927 vgl.
418 1882 451 1916 Π
480 1887 533 1926 14,
560 1887 616 1918 34.
642 1887 698 1925 20,
725 1888 780 1918 46.

224 1931 371 1973 puyuis,
391 1930 562 1972 calcibus,
582 1931 778 1975 uuyuibus,
798 1941 919 1966 morsu

179 1992 222 2005 =
249 1974 320 2018 πὺξ
348 1977 411 2010 καὶ
436 1974 522 2019 λάξ,
556 1974 688 2012 ὀδοῦσι
714 1979 778 2012 καὶ
803 1975 918 2020 ὄνυξι.

227 2024 412 2065 barbaria,
440 2023 728 2060 Barbarenland.
780 2025 922 2060 Darauf

177 2070 325 2105 bezieht
350 2070 428 2105 sich
452 2071 490 2105 in
514 2071 663 2106 freierer
678 2072 920 2117 Verbindung

177 2118 218 2152 iu
243 2129 283 2152 ea
308 2121 425 2162 yeute,
451 2118 520 2153 wie
547 2119 596 2153 IV
622 2123 678 2163 21,
706 2122 751 2154 48
776 2120 918 2164 qladia-

177 2165 311 2199 tarium
347 2165 386 2199 id
423 2166 582 2209 quidem,
625 2177 842 2211 quamquam
878 2167 919 2201 iu

178 2213 228 2246 eis
252 2213 343 2255 ipsis
370 2213 540 2248 videmus.

226 2259 423 2302 sapientes,
455 2259 514 2295 die
545 2259 802 2295 Brachmanen
835 2260 923 2295 oder

181 2308 489 2350 γυμνοσοφισταί,
536 2307 605 2342 wie
643 2307 703 2342 die
741 2306 921 2343 Griechen

181 2352 233 2387 sie
258 2355 429 2387 nannten

229 2399 398 2442 Caucasi,
424 2411 449 2435 S.
478 2413 505 2434 z.
533 2400 565 2434 II
593 2405 648 2444 22,
675 2405 730 2435 52.

229 2450 282 2482 78.
310 2457 392 2482 vero
417 2447 621 2492 entspricht
646 2458 693 2482 an
714 2448 828 2483 Stelle
849 2459 919 2483 von

179 2497 255 2528 tum
287 2493 371 2528 dem
396 2494 724 2539 vorhergehenden
750 2497 921 2540 primum,

183 2552 208 2574 s.
235 2553 263 2574 z.
290 2540 305 2574 1
334 2545 388 2584 13,
415 2544 470 2576 30.
498 2541 530 2574 V
557 2545 588 2585 9,
616 2545 669 2576 25.

226 2588 294 2622 illa
329 2589 433 2623 victa.
485 2589 605 2624 WVenn
642 2588 713 2624 Cic.
751 2589 919 2624 wirklich

181 2645 220 2669 so
246 2635 486 2679 geschrieben
512 2636 589 2679 hat,
616 2647 655 2671 so
675 2636 726 2671 ist
744 2636 808 2670 der
827 2636 920 2671 Aus-

180 2681 295 2716 druck
321 2683 403 2717 sehr
433 2683 662 2728 nachlassig,
695 2683 791 2718 denn
825 2683 919 2717 oben

179 2729 246 2763 hat
266 2740 305 2763 er
324 2732 465 2774 gesagt,
492 2729 571 2764 dass
591 2731 757 2765 mehrere
775 2730 919 2765 Frauen

180 2776 286 2810 einen
317 2775 428 2811 Mann
458 2776 606 2820 hatten,
648 2776 822 2812 wahrend
853 2778 919 2812 illa

179 2824 274 2858 victa
294 2823 400 2858 einen
420 2823 627 2869 Gegensatz
646 2835 717 2859 von
741 2836 810 2859 nur
829 2825 919 2859 zwei

1040 1554 1250 1598 Numquam
1276 1556 1344 1589 cet.
1383 1553 1508 1588 Damit
1532 1553 1624 1588 wird
1650 1554 1734 1589 dem

993 1601 1196 1636 Einwande
1215 1602 1409 1646 begegnet,
1437 1600 1514 1635 dass
1529 1601 1594 1635 das
1608 1601 1734 1636 Ertra-

993 1660 1063 1692 gen
1085 1660 1157 1683 von
1190 1649 1339 1683 solchen
1366 1648 1586 1684 Schmerzen
1618 1648 1735 1684 selbst

992 1695 1238 1740 naturwidrig
1264 1696 1326 1730 sei.

1040 1743 1178 1778 umbris
1204 1742 1418 1777 bezeichnet
1451 1743 1503 1776 im
1529 1742 1736 1787 Gegensatz

993 1802 1036 1824 zu
1061 1791 1114 1825 sol
1139 1793 1171 1824 et
1189 1791 1315 1834 pulvis
1341 1789 1399 1824 die
1425 1789 1733 1834 Abgeschlossen-

992 1836 1071 1872 heit
1103 1837 1166 1871 des
1197 1837 1340 1872 Hauses
1372 1837 1422 1871 im
1456 1836 1658 1882 Gegensatz
1689 1848 1734 1871 zu

992 1884 1075 1918 dem
1096 1884 1334 1918 offentlichen
1355 1884 1490 1928 Leben,
1510 1884 1608 1918 dann
1626 1884 1736 1919 fiber-

991 1931 1109 1976 haupt
1136 1931 1386 1966 ‘weichliches
1412 1931 1565 1966 Leben'.
1613 1931 1646 1965 II
1675 1935 1732 1975 11,

990 1982 1035 2013 27
1061 1980 1173 2013 vitam
1204 1979 1430 2013 umbratilem
1462 1981 1494 2013 et
1528 1979 1731 2014 delicatam.

990 2026 1040 2059 Ib.
1071 2030 1124 2068 15,
1151 2029 1195 2060 36
1231 2036 1321 2070 quae
1353 2026 1474 2060 ceteris
1505 2026 1546 2059 iu
1577 2025 1729 2060 urbibus

990 2073 1195 2107 mollissimo
1240 2073 1340 2107 cultu
1374 2073 1556 2116 parietum
1593 2073 1731 2107 umbris

990 2120 1215 2154 oeeuluutur.
1266 2131 1301 2164 p.
1335 2118 1425 2155 Mur.
1462 2122 1522 2159 14,
1555 2122 1599 2154 30
1631 2120 1734 2154 cedat

991 2187 1034 2191 —
1079 2167 1190 2201 otium
1234 2167 1406 2209 walaiae,
1449 2166 1554 2201 stilus
1596 2166 1732 2211 yladio,

993 2214 1123 2248 umbra
1148 2215 1224 2250 soli.

1041 2271 1193 2305 quorum
1217 2261 1374 2296 imbutae
1395 2281 1437 2286 --
1463 2264 1592 2295 mentes
1615 2261 1730 2295 subie-

993 2309 1087 2351 riut,
1120 2308 1152 2342 d.
1180 2308 1203 2342 i.
1236 2309 1317 2353 qui,
1347 2319 1427 2343 eum
1457 2318 1578 2343 eorum
1601 2311 1732 2343 mentes

988 2356 1173 2399 pravitate
1197 2356 1355 2390 imbutae
1379 2356 1465 2398 sint,
1489 2355 1675 2408 subierim.

993 2402 1733 2494 isfflut'fffftefihissssherssssiefflffffiffl

992 2508 1100 2540 quam
1126 2517 1168 2522 —
1194 2497 1326 2532 violent
1350 2509 1393 2531 zu
1419 2496 1605 2531 beziehen.

1034 2554 1190 2588 poenam
1221 2545 1377 2578 nullam:
1415 2544 1505 2578 Wer
1535 2543 1631 2577 auch
1661 2554 1732 2577 nur

992 2590 1230 2635 unfreiwillig
1279 2590 1385 2625 einen
1431 2590 1523 2632 Ibis,
1574 2589 1732 2634 Sperber

993 2637 1080 2671 oder
1112 2636 1226 2672 Katze
1261 2638 1556 2683 getotetbatte,
1594 2636 1730 2671 musste

993 2684 1156 2727 sterben,
1191 2684 1251 2719 bei
1277 2684 1555 2729 unfreiwilliger
1581 2684 1731 2729 Totung

991 2732 1122 2766 andrer
1156 2731 1315 2777 heiliger
1349 2731 1455 2766 Tiere
1492 2732 1631 2766 setzten
1669 2731 1730 2765 die

990 2778 1149 2858 lIPriester
1193 2778 1252 2813 die
1292 2779 1411 2814 Strafe
1455 2778 1537 2813 fest.
1593 2777 1728 2813 Herod.
