1817 3103
205 84 259 125 38
722 87 769 122 M.
797 87 957 123 TULLII
982 87 1234 124 CICERONIS

206 198 472 248 1neminimus,
505 195 789 236 infundantur?
845 198 1068 238 Absurdum
1101 200 1137 237 id
1172 199 1346 251 quidem3
1379 201 1445 251 qui
1478 202 1581 240 enim
1609 201 1753 242 fundus

205 261 272 293 aut
304 267 402 306 quae
436 256 521 295 talis
558 258 675 294 animi
707 256 830 306 figura
862 257 1035 308 intellegi
1067 265 1194 308 potest
1228 264 1293 297 aut
1326 271 1423 309 quae
1457 265 1561 298 tanta
1593 262 1752 299 omnino

204 313 426 365 capacitas?
477 316 534 353 An
567 316 727 366 inprimi
760 317 870 365 quasi
902 328 1032 355 ceram
1064 318 1235 356 animum
1268 324 1452 367 putamus
1484 325 1522 357 et
1554 331 1639 358 esse
1673 331 1750 358 me-

203 375 366 412 moriam
399 375 639 425 signatarum
671 385 804 412 rerum
842 375 881 412 in
919 381 1049 414 mente
1082 373 1271 427 vestigia?
1334 377 1439 422 Quae
1472 385 1637 428 possunt
1668 390 1752 417 ver-

202 431 361 484 borum,
395 445 493 483 quae
521 444 655 471 rerum
681 433 854 483 ipsarum
881 445 967 472 esse
993 435 1171 485 vestigia,
1205 447 1302 486 quae
1329 448 1446 486 porro
1474 442 1550 475 tam
1576 438 1752 476 inmensa

203 491 444 542 magnitudo,
478 503 577 542 quae
609 491 672 529 illa
704 497 781 530 tam
816 492 934 531 multa
966 496 1089 544 possit
1122 492 1336 545 effingere?
1500 508 1504 515 ’
1554 510 1558 516 ·
1626 502 1772 529 tan-*⁴³*

321 548 451 594 Quid?
482 550 545 588 illa
577 552 634 588 vis
667 562 764 601 quae
792 551 948 590 tandem
981 559 1057 606 est,
1091 565 1187 605 quae
1218 555 1424 604 investigat
1449 555 1620 606 occulta,
1652 568 1750 606 quae

144 615 188 646 (32
203 610 375 647 inventio
408 614 524 660 atque
558 611 791 660 excogitatio
823 609 996 650 dicitur?
1034 625 1079 651 ex
1120 612 1241 650 hacne
1281 612 1350 651 tibi
1390 619 1545 652 terrena
1583 615 1751 653 mortali-

201 680 276 718 que
308 674 447 706 natura
480 675 518 707 et
551 668 695 708 caduca
728 676 909 708 concreta
943 683 986 708 ea
1019 670 1201 710 videtur?
1238 677 1303 710 aut
1342 673 1407 722 qui
1439 673 1608 725 primus,
1646 674 1749 724 quod

197 738 371 765 summae
405 729 617 778 sapientiae
650 728 891 780 Pythagorae
925 731 1049 768 visum
1088 736 1165 782 est,
1203 730 1384 769 omuibus
1422 730 1541 770 rebus
1579 733 1752 783 inposuit

196 786 370 838 nomina,
409 792 475 825 aut
514 788 580 838 qui
620 787 829 839 dissipatos
864 787 1041 827 homines
1075 791 1323 840 congregavit
1363 796 1401 828 et
1440 790 1486 828 ad
1525 791 1750 830 societatem

194 846 294 883 vitae
321 848 564 898 convocavit,
598 853 663 885 aut
690 848 755 898 qui
783 859 900 886 sonos
928 850 1050 900 vocis,
1077 850 1145 899 qui
1170 849 1311 887 infiniti
1338 848 1586 902 videbantur,
1615 852 1749 901 paucis

194 902 414 942 litterarum
453 906 555 943 notis
598 907 837 958 terminavit,
881 913 947 946 aut
991 909 1057 958 qui
1103 909 1317 946 errantium
1358 907 1556 947 stellarum
1596 921 1750 962 cursus,

192 964 529 1016 praegressiones,
555 965 778 1002 institiones
805 964 979 1004 notavit?
1024 965 1169 1004 Omnes
1195 968 1341 1018 magni3
1369 968 1483 1005 etiam
1512 969 1747 1021 superiores,

193 1023 260 1071 qui
292 1022 442 1073 fruges,
476 1024 543 1073 qui
569 1025 772 1076 vestitum,
800 1025 866 1074 qui
893 1030 1012 1076 tecta,
1046 1027 1113 1075 qui
1140 1025 1287 1063 cultum
1314 1027 1430 1077 vitae,
1463 1028 1530 1076 qui
1556 1026 1747 1077 praesidia

192 1085 328 1119 contra
361 1081 462 1119 seras
496 1083 747 1135 invenerunt,
786 1095 805 1121 a
839 1083 981 1134 quibus
1015 1084 1269 1136 mansuefacti
1302 1090 1340 1123 et
1373 1084 1517 1123 exculti
1554 1097 1574 1122 a
1613 1096 1747 1125 neces-

193 1141 305 1178 sariis
332 1140 506 1179 artificiis
533 1140 579 1179 ad
607 1140 844 1193 elegantiora
870 1142 1114 1182 dessuxhnus.
1166 1142 1262 1181 Nam
1289 1149 1327 1181 et
1354 1138 1514 1182 auribus
1541 1143 1747 1183 oblectatio

193 1210 328 1250 magna
359 1205 469 1250 parta
503 1206 580 1252 est,
613 1201 768 1240 inventa
802 1207 841 1240 et
866 1207 1079 1253 temperata
1107 1204 1291 1241 varietate
1319 1208 1357 1240 et
1384 1208 1521 1241 natura
1548 1215 1746 1256 sonorum,

191 1263 230 1296 et
267 1264 370 1297 astra
409 1260 657 1310 suspeximus
695 1273 785 1299 cum
823 1273 884 1312 ea,
930 1273 1027 1312 quae
1067 1267 1158 1300 sunt
1195 1262 1311 1300 infixa
1350 1263 1468 1300 certis
1506 1261 1619 1314 locis,
1656 1268 1745 1316 tum

190 1315 253 1355 illa
286 1329 365 1356 non
397 1330 458 1370 re,
490 1317 557 1356 sed
590 1319 998 1373 x‘qcna-lqtsslwowerrantia,
1031 1332 1199 1371 quorum
1232 1321 1507 1359 conversiones
1540 1314 1746 1374 omnisque

191 1380 321 1415 motus
354 1379 421 1428 qui
453 1379 581 1416 animo
615 1372 726 1431 vidit,
756 1380 789 1432 is
823 1379 957 1418 docuit
989 1379 1155 1418 similem
1182 1374 1354 1418 animum
1382 1391 1496 1418 suum
1529 1381 1614 1419 eius
1646 1392 1744 1434 esse,

130 1441 173 1472 63
191 1435 257 1485 qui
302 1448 343 1474 ea
390 1435 601 1475 fabricatus
646 1444 750 1476 esset
793 1439 832 1476 in
877 1437 994 1476 caelo.
1056 1437 1151 1477 Nam
1197 1451 1286 1476 eum
1321 1437 1575 1477 Archimedes
1619 1439 1745 1491 lunae,

1043 1588 1349 1631 praeqressiones,
1370 1588 1582 1623 institiones.
1634 1589 1679 1624 de
1706 1589 1741 1623 d.

1000 1646 1034 1667 n.
1063 1633 1095 1668 II
1122 1638 1184 1678 20,
1222 1638 1264 1668 51
1304 1638 1380 1669 tum
1417 1636 1631 1670 antecedunt
1669 1639 1744 1671 tum

1000 1682 1282 1726 subsequuntur,
1297 1685 1372 1716 tum
1392 1683 1540 1717 celerius
1558 1686 1743 1719 moventur

1000 1732 1075 1763 tum
1113 1730 1274 1770 tardius,
1310 1732 1387 1763 tum
1421 1731 1567 1765 omniuo
1597 1741 1641 1765 ne
1670 1741 1743 1765 mo-

999 1779 1128 1810 ventur
1147 1777 1306 1821 quidem,
1321 1777 1382 1811 sed
1401 1777 1449 1811 ad
1462 1778 1641 1821 quoddam
1660 1781 1743 1813 tem—

995 1834 1069 1867 pus
1094 1825 1278 1859 insistunt.
1330 1823 1434 1858 Sieht
1459 1834 1546 1859 man
1565 1824 1625 1859 die
1645 1825 1741 1860 Erde

1002 1870 1056 1904 als
1090 1871 1365 1905 feststehenden
1399 1871 1645 1916 Mittelpunkt
1678 1872 1742 1907 des

1001 1917 1220 1953 Universum
1240 1929 1304 1960 an,
1326 1929 1365 1953 so
1387 1917 1561 1953 scheinen
1580 1919 1638 1954 die
1658 1919 1742 1954 Pla-

234 1587 288 1618 61.
316 1585 470 1628 inprimi
512 1587 619 1630 quasi
662 1597 795 1621 ceram:
842 1586 927 1621 Dies

185 1642 262 1666 war
281 1631 340 1666 die
354 1632 510 1666 Ansicht
529 1633 593 1667 des
609 1633 773 1668 Stoikers
795 1633 928 1668 Klean-

185 1679 284 1723 thes,
323 1679 382 1714 die
414 1680 482 1713 mit
513 1681 710 1715 ahnliehen
742 1681 928 1725 Griinden,

186 1725 255 1760 wie
288 1725 340 1761 sie
375 1726 449 1761 Cic.
485 1727 565 1762 hier
602 1728 811 1773 vorbringt,
856 1739 929 1763 von

186 1772 368 1818 Chrysipp
406 1774 600 1820 widerlegt
642 1775 776 1810 wurde.
829 1775 925 1810 Sext.

184 1820 266 1855 adv.
293 1819 407 1855 Math.
436 1821 503 1856 VII
530 1826 597 1857 228
633 1820 834 1877 Κλεάνθης
858 1822 927 1868 μὲν

184 1865 256 1912 γὰρ
281 1864 420 1912 ἤκουσε
446 1867 514 1914 τὴν
540 1868 704 1904 τύπωσιν
731 1867 827 1904 κατὰ
855 1872 927 1905 εἰσ-

184 1913 275 1971 οχήν
319 1928 357 1950 τε
400 1929 464 1950 και
510 1914 659 1962 ἐξοχὴν,
704 1915 825 1961 ὥσπερ
865 1918 927 1952 καὶ

183 1960 248 1997 διὰ
284 1963 358 1997 τῶν
389 1965 595 1998 δακτυλίων
628 1963 829 2009 γινομένην
860 1966 927 2000 τοῦ

183 2007 299 2054 κήρου
326 2007 500 2046 τύπωσιν.

231 2058 414 2102 efftnyera
452 2058 486 2093 d.
517 2059 539 2094 i
579 2060 698 2102 efficta
736 2061 926 2102 eo‘ntmere,

183 2116 256 2140 von
289 2105 374 2140 dem
401 2105 514 2141 Stoffe
545 2109 694 2152 gesagt,
728 2107 842 2142 worin
874 2109 926 2142 et-

182 2163 258 2186 was
298 2152 516 2197 dargestellt
552 2154 655 2188 wird.
705 2155 749 2189 de
788 2153 859 2190 div.
893 2154 926 2189 Π

182 2203 245 2243 42,
272 2203 316 2234 94
345 2200 434 2245 Quis
459 2202 554 2235 enim
577 2212 652 2236 77077
676 2202 770 2237 videt
796 2206 827 2236 et
852 2202 926 2245 for-

182 2257 260 2281 mas
285 2250 316 2282 et
341 2258 453 2282 mores
478 2251 510 2283 et
529 2249 717 2293 plerosque
741 2252 858 2284 status
883 2260 926 2284 ae

181 2297 298 2329 motus
318 2295 484 2339 effingere
504 2308 525 2330 a
547 2297 766 2339 parentibus
784 2297 924 2332 liberos.

231 2345 285 2377 62.
322 2346 387 2377 aut
423 2343 497 2386 qui.
546 2342 621 2377 Der
645 2342 839 2379 Ansohluss
876 2343 925 2378 ist:

181 2389 275 2431 lose,
308 2389 377 2424 wie
402 2389 528 2434 haufig
553 2390 612 2424 die
639 2389 924 2425 Gedankenver-

181 2436 349 2481 bindung
384 2436 422 2470 in
458 2437 576 2472 dieser
602 2436 756 2479 Schrift3
794 2450 836 2472 zu
869 2449 922 2472 er-

182 2487 323 2528 ganzen
343 2483 391 2518 ist
409 2495 474 2518 aus
489 2484 572 2519 dem
585 2484 923 2529 Vorhergehenden

180 2541 270 2564 ‘num
304 2532 379 2565 eius
418 2532 562 2566 animus
599 2543 644 2566 ez·
678 2533 746 2567 hae
782 2536 925 2567 terrena

182 2579 396 2624 mortalique
428 2582 566 2614 viatura
598 2583 782 2614 concretus
813 2580 924 2622 fuisse

181 2625 333 2659 videtur.
373 2617 555 2670 Ubrigens
570 2626 644 2672 vgl.
661 2627 840 2662 Theodot.
857 2627 922 2662 ecl.

182 2682 256 2706 exs.
282 2672 411 2728 proph
439 2685 467 2707 c.
490 2677 533 2707 35
559 2671 793 2730 Πυθαγόρας
811 2671 925 2729 ἠξίου

182 2716 230 2764 μὴ
276 2718 392 2775 μόνον
435 2718 682 2764 λογικώτατον
727 2718 817 2755 ἄλλά
862 2721 924 2755 καὶ

181 2764 433 2823 πρεςβύτατον
469 2765 648 2823 ἡγεισθαι
686 2769 760 2802 τῶν
798 2769 925 2812 σοφῶν

181 2826 248 2847 τον
273 2812 438 2858 θέμενον
460 2813 503 2850 τὰ
525 2828 694 2859 Ονομᾱτᾱ
716 2828 791 2855 ‘tols
811 2827 924 2859 πραγ-

180 2873 302 2908 μασιν.

1000 1966 1109 2000 neten
1137 1965 1215 2000 sich
1236 1965 1323 2000 bald
1344 1977 1388 2000 zu
1408 1966 1627 2010 fiberholen,
1653 1967 1742 2001 bald

1001 2012 1079 2046 still
1105 2024 1148 2046 zu
1174 2012 1312 2047 stehen.

1046 2060 1280 2103 defluximus,
1320 2059 1453 2094 driickt
1485 2060 1550 2094 das
1582 2060 1740 2096 77111ηὲ111-

999 2106 1112 2150 liobe,
1145 2106 1467 2151 unbeabsichtigte
1492 2107 1742 2143 Hinkommen

999 2165 1075 2189 aus.
1126 2153 1211 2199 Vgt.
1238 2154 1270 2188 V
1297 2158 1357 2197 21,
1386 2158 1429 2189 62
1456 2155 1659 2198 defluebant
1683 2165 1739 2190 co-

997 2212 1118 2237 ronae.

1045 2252 1258 2293 temperata,
1277 2248 1529 2283 ‘harmonisch
1543 2249 1737 2294 gebildet’.

997 2297 1221 2340 temperatio,
1247 2295 1456 2331 Harmonia.

1043 2344 1110 2378 illa
1128 2354 1203 2378 riou
1222 2354 1270 2385 re,
1293 2343 1354 2377 sed
1372 2343 1545 2378 vocabulo
1565 2345 1738 2380 errantia.

997 2389 1041 2425 de
1067 2390 1165 2425 deor.
1193 2402 1227 2424 n.
1254 2390 1287 2423 ΙΙ
1313 2394 1375 2434 20,
1402 2394 1443 2424 51
1478 2391 1634 2425 maxime
1657 2402 1739 2426 vero

995 2441 1080 2472 sunt
1105 2438 1339 2472 admirabiles
1357 2441 1473 2472 motus
1491 2448 1615 2472 earum
1634 2439 1739 2482 quin-

996 2495 1062 2529 que
1086 2485 1290 2527 stellarum,
1322 2496 1413 2529 quae
1443 2485 1538 2527 falso
1563 2489 1738 2520 vocantur

996 2535 1165 2567 errantes.
1214 2532 1321 2566 Nihil
1363 2533 1456 2566 enim
1492 2535 1606 2574 errat,
1643 2534 1738 2578 quod

997 2581 1038 2613 iu
1068 2580 1167 2614 omui
1197 2580 1407 2614 aeternitate
1441 2582 1626 2614 conservat
1652 2591 1736 2625 pro-

996 2637 1137 2671 9ressus
1161 2630 1193 2660 et
1217 2637 1396 2672 reyressus
1420 2626 1642 2671 reliquosque
1665 2638 1737 2662 mo-

998 2678 1056 2708 tus
1081 2677 1282 2708 constantes
1307 2677 1339 2707 et
1364 2676 1470 2707 ratos.

1045 2721 1184 2763 docuit,
1212 2721 1245 2754 d.
1271 2721 1293 2754 i.
1321 2732 1358 2755 re
1378 2720 1558 2765 probavit.

1045 2771 1099 2802 63.
1128 2769 1372 2802 Archimedes:
1397 2766 1464 2801 Die
1486 2767 1650 2812 Sphaera
1672 2768 1736 2803 des

998 2815 1236 2849 Archimedes
1262 2826 1338 2849 war
1368 2814 1427 2849 ein
1458 2814 1648 2850 kanstlich
1680 2826 1736 2851 or-

997 2861 1216 2907 ganisiertes
1225 2861 1485 2906 Plane‘tarium,
1497 2862 1622 2906 worm,
1630 2872 1736 2898 wenn
