1817 3103
329 87 725 122 TUSCULANARUM
753 86 1161 123 DISPUTATIONUM.
1193 88 1214 122 Ι.
1245 93 1390 124 15-18.
1584 89 1634 129 13

80 198 173 238 bum
206 197 244 236 id
277 197 433 248 quidem
467 202 543 248 est3
582 197 668 249 sed,
706 198 782 235 uisi
815 196 907 247 quid
941 208 1101 235 necesse
1135 198 1226 247 erit,
1267 198 1365 235 malo
1399 210 1475 236 nou
1508 211 1634 249 roges.

81 256 136 295 M.
169 255 308 294 Geram
342 255 412 294 tibi
443 267 592 294 morem
631 261 670 294 et
702 267 765 307 ea,
804 267 902 305 quae
936 256 1009 306 vis,
1051 260 1093 293 ut
1132 261 1268 304 potero
1308 255 1524 307 explicabo,
1563 256 1680 296 nec9

80 319 211 354 tamen
239 315 349 364 quasi
375 313 537 365 Pythius
564 313 711 365 Apollo,
743 319 850 352 certa
883 318 926 352 ut
958 314 1035 351 siut
1067 319 1106 351 et
1138 314 1222 363 lixa,
1255 324 1352 363 quae
1386 313 1533 365 dixero,
1566 315 1633 353 sed

81 378 124 412 ut
154 371 416 411 homunculus
450 384 552 411 unus
585 384 604 410 e
638 371 771 410 multis
804 371 1018 423 probabilia
1045 373 1269 409 coniectura
1298 383 1479 421 sequeus.
1529 372 1634 410 Ultra

81 432 186 482 enin]
220 443 296 469 «uo
329 430 558 482 progrediar
590 442 706 481 quam
733 436 776 469 ut
803 431 883 468 veri
909 429 1047 468 similia
1075 429 1224 467 videam
1251 442 1328 467 uon
1356 428 1496 481 habeo:
1530 437 1634 468 ceria

185 443 379 488 st„1
562 481 682 497 Ἴ..-
704 479 775 486 ,μ

383 484 557 491 Adam,

80 489 213 528 dicent
244 490 282 541 ii,
314 490 381 539 qui
414 495 452 527 et
484 489 634 540 percipi
666 484 709 526 eia
741 483 1109 540 po-s'se'⁷'dic'fiht**e‘t‘
1128 483 1412 538 §effipie‘riffi's'
1434 499 1519 525 esse
1548 500 1634 538 pro-

80 548 252 586 fitentur.

316 548 359 585 Α.
393 547 464 599 Tu,
497 553 539 586 ut
573 546 742 585 videtur:
775 559 846 585 nos
878 547 923 585 ad
957 546 1193 585 audiendum
1225 547 1348 597 parali
1382 558 1529 584 sumus.

199 606 255 644 M.
294 605 398 644 Mors
437 606 555 656 igitur
592 606 692 657 ipsa,
731 617 828 656 quae
870 605 1021 643 videtur
1060 606 1260 643 notissima
1300 617 1362 643 res
1402 617 1505 655 esse,
1543 604 1694 654 quid18

82 666 129 703 sit
163 665 334 716 primum
366 669 425 702 est
458 663 682 702 videndum:
721 669 813 702 sunt
851 665 954 702 enim
993 665 1060 714 qui
1099 662 1317 701 discessum
1349 665 1467 701 animi
1499 675 1519 700 a
1552 674 1636 701 cor—
1675 693 1678 696 Δ

9 720 13 721 ’
79 734 176 774 pore
208 727 348 773 putent
379 734 466 760 esse
499 728 682 773 morlem3
720 728 811 761 sunt
850 724 915 773 qui
956 722 1104 760 nullum
1143 728 1328 760 censeant
1367 722 1451 759 [ieri
1493 721 1637 759 disces-

81 792 185 832 sum,
224 780 292 819 sed
325 792 401 819 una
434 782 604 819 animum
639 787 676 820 et
710 792 852 832 corpus
886 780 1065 819 occidere
1104 781 1354 830 animumque
1394 781 1432 817 iu
1472 792 1636 830 corpore

23 884 29 890 ,
80 840 287 890 exstingui.
337 838 411 884 Qui
444 839 646 878 discedere
679 841 853 888 a—QQQ
883 845 1057 889 censent,
1090 838 1152 876 alii
1185 840 1314 876 statim
1348 838 1542 889 dissipari,
1575 838 1639 876 alii

81 897 148 936 diu
180 909 430 949 permanere,
467 897 530 936 alii
569 910 735 948 semper.

81 962 147 995 aut
186 955 308 1008 unde,
347 967 483 1007 magna
521 956 713 995 dissensio
753 962 822 995 est.

799 898 898 943 Quid
933 899 983 936 sit
1021 909 1138 949 porro
1171 899 1254 948 ipse
1288 899 1440 935 animus
1473 902 1539 934 aut
1572 896 1637 935 ubi

885 956 978 995 Aliis
1018 967 1086 994 cor
1125 957 1252 1006 ipsum
1287 957 1439 993 animus
1474 954 1638 1007 videtur,

18 1033 24 1039 ·
82 1026 128 1053 ex
168 1026 244 1065 quo
283 1014 488 1066 excordes,
529 1015 737 1053 vaecordes
775 1015 1069 1065 concordesque
1107 1014 1292 1052 dicuutur
1331 1021 1368 1052 et
1408 1013 1542 1052 Nasica
1576 1013 1638 1051 ille

81 1072 256 1123 prudens
289 1072 347 1111 bis
381 1072 517 1111 consul
551 1073 758 1112 Corculum
794 1080 832 1112 et

343 1147 505 1192 effi'eyie
538 1146 731 1183 cordatus
763 1145 876 1182 homo
909 1150 1024 1181 casus
1058 1145 1192 1181 Aelius
1225 1144 1381 1181 Sea-tus.

83 1243 167 1280 ais?
193 1245 299 1288 vulyo
325 1244 607 1279 occidebantur?
644 1245 712 1279 Per
737 1255 824 1289 quos

81 1295 115 1327 et
145 1303 168 1326 a
199 1290 358 1335 quibus?
408 1291 541 1326 Nonne
571 1293 706 1337 coyitas
739 1295 770 1326 te
802 1303 824 1326 α

82 1339 277 1374 sectoribus
308 1338 378 1373 huc
409 1339 606 1373 adductum
631 1337 728 1373 esse?
779 1338 823 1372 de

82 1384 143 1419 fin.
171 1384 204 1419 V
230 1387 286 1427 28,
312 1388 356 1419 86
389 1395 508 1420 nonne
540 1387 654 1430 iyitur
679 1385 748 1420 tibi
772 1386 824 1420 vi-

82 1432 232 1473 dentur,
262 1432 401 1476 inquit,
433 1431 558 1467 mala?
610 1432 643 1466 S.
672 1431 825 1476 Madvig

81 1491 110 1514 z.
137 1478 182 1514 de
208 1478 269 1514 fin.
296 1478 329 1512 11
354 1482 387 1520 3,
416 1483 470 1513 10.

129 1525 332 1570 Superbum
376 1526 415 1560 id
457 1526 599 1570 quidem
643 1529 702 1560 est.
753 1525 826 1560 Der

81 1571 271 1607 Indikativ
297 1572 399 1606 steht
422 1573 517 1607 nach
543 1572 725 1618 Analogie
751 1583 825 1607 von

82 1619 232 1662 difficile
257 1622 326 1662 est,
352 1619 498 1663 longum
523 1624 592 1661 est,
621 1619 674 1654 ‘es
701 1619 824 1654 wiirde

81 1677 127 1701 zu
156 1665 244 1700 weit
281 1665 440 1701 fiihren'.
476 1686 518 1690 -ι
554 1667 604 1700 Zu
636 1667 674 1700 id
705 1666 752 1700 ist
783 1677 825 1700 zu

82 1715 263 1757 erge‘mzen
292 1723 367 1747 non
398 1713 609 1757 respondere
640 1723 704 1747 ans
741 1712 825 1747 dem

82 1758 411 1804 vorhergehenden
441 1770 561 1794 ‘nonne
588 1760 823 1804 respondebis.

130 1806 222 1850 Kap.
249 1806 288 1841 9.
338 1807 445 1850 quasi
485 1806 643 1851 Pythius
680 1807 824 1851 Apollo,

83 1854 228 1898 griech:
255 1849 304 1892 ὥς
331 1850 372 1887 ἐκ
399 1854 581 1897 τρίποδος.

130 1910 226 1934 unus
251 1911 268 1935 e
292 1900 432 1941 multis,
459 1899 519 1934 ein
545 1900 824 1945 gewohnlieher

83 1946 252 1989 Mensch;
278 1947 352 1991 vgl.
380 1947 467 1982 Hor.
489 1946 566 1982 Sat.
586 1947 601 1980 Ι
622 1951 654 1989 9,
677 1951 718 1982 71
745 1958 824 1982 sum

78 1994 196 2038 paulo
237 1994 435 2036 infirmior,
480 2004 575 2028 unus
620 1995 823 2037 multorum,

84 2040 129 2075 de
161 2038 220 2075 off.
247 2040 263 2074 I
289 2044 346 2083 30,
376 2044 441 2075 109
480 2041 616 2084 efficere
652 2044 692 2075 ut
730 2052 826 2076 uuus

85 2087 127 2122 de
151 2087 274 2122 multis
298 2098 370 2122 esse
395 2088 570 2122 videatur.

131 2135 195 2178 qui
219 2137 251 2169 et
269 2135 415 2179 percipi
433 2155 476 2159 -—
504 2145 574 2169 esse
593 2136 824 2179 profitentur.

86 2179 259 2216 Gemeint
278 2181 361 2215 sind
381 2181 576 2216 besonders
590 2181 649 2216 die
665 2181 824 2226 Stoiker,

84 2226 143 2263 <lie
164 2229 271 2262 unter
283 2229 466 2272 perceptio
487 2228 545 2263 die
566 2228 717 2270 sichere,
737 2229 826 2263 iiber

83 2273 183 2309 allen
209 2275 357 2309 Zweifel
390 2275 571 2309 erhabene
599 2274 824 2310 Erkenntnis

84 2321 292 2356 verstehen.
341 2321 445 2356 Doch
484 2321 732 2366 behaupteten
765 2322 824 2356 die

84 2367 232 2403 Stoiker
263 2379 336 2403 von
367 2368 513 2402 keinem
548 2367 646 2403 ihrer
679 2368 824 2411 Schule‚

84 2413 164 2449 dass
202 2425 240 2450 er
279 2415 344 2450 das
382 2414 484 2449 Ideal
529 2415 593 2450 der
630 2415 824 2459 Weisheit,

85 2461 243 2496 welches
264 2461 316 2496 sie
336 2462 444 2496 unter
459 2463 606 2506 sapiens
619 2463 824 2505 verstehen‚

86 2508 245 2543 erreichlz
268 2509 375 2544 habe.
398 2529 441 2533 —
461 2508 528 2543 Bei
548 2510 714 2553 profiteri
736 2510 824 2544 wird

85 2554 151 2589 der
169 2555 332 2590 Infinitiv
357 2566 427 2590 esse
452 2555 490 2589 in
509 2556 573 2590 der
593 2556 709 2601 Regel
729 2567 823 2601 weg—

85 2601 271 2646 gelassen,
310 2602 398 2637 aber
437 2614 463 2636 s.
496 2615 530 2647 p.
564 2603 655 2637 Mur.
687 2607 746 2646 13,
779 2607 822 2638 ‘28

85 2648 208 2737 guiguo
238 2660 291 2684 me
320 2650 617 2685 iurisconsultum
650 2660 720 2685 esse
739 2661 824 2694 pro-

113 2697 145 2730 te
168 2705 218 2731 or.

135 2744 189 2776 18.
232 2746 318 2777 sunt
360 2744 423 2787 qui
465 2743 666 2778 discessu—m.
732 2744 823 2779 Plat.

87 2787 201 2823 Phad.
239 2801 274 2834 p.
306 2790 382 2824 64d
434 2787 630 2835 ἡγούμεθιί
672 2803 708 2825 τε
762 2788 825 2824 τὸν

87 2830 257 2870 θάνατον
296 2834 416 2881 εἷναις
456 2858 497 2863 -
538 2835 611 2882 ἄρα
649 2835 698 2882 μὴ
738 2835 824 2872 ἄλλο

896 1257 929 1278 τι
964 1239 984 1287 ἦ
1017 1240 1084 1286 τὴν
1116 1243 1180 1286 τῆς
1213 1243 1334 1287 ψυχῆς
1366 1239 1441 1277 ἀπὸ
1480 1243 1545 1277 τοῦ
1574 1240 1640 1277 σώ-

896 1303 1011 1335 ματος
1037 1287 1266 1333 ἀπαλλαγήν.

944 1337 1131 1381 dissipari.
1168 1337 1274 1371 Nach
1296 1336 1360 1371 der
1379 1336 1537 1370 Ansicht
1555 1336 1640 1380 Epi-

897 1384 984 1418 kurs
1028 1383 1103 1418 und
1141 1383 1206 1417 der
1244 1383 1453 1418 Atomisten
1495 1383 1642 1418 besteht

898 1431 956 1465 die
979 1429 1082 1465 Seele
1108 1440 1172 1465 aus
1192 1430 1362 1473 Atomen,
1390 1430 1448 1464 die
1474 1430 1551 1464 sich
1572 1430 1642 1464 mit

898 1478 982 1512 dem
1008 1477 1109 1512 Tode
1140 1478 1357 1511 zerstreuen.
1408 1476 1513 1521 Diog.
1542 1477 1581 1512 L.
1610 1477 1641 1511 X

900 1528 943 1559 65
971 1524 1034 1558 καὶ
1059 1523 1132 1569 μὴν
1159 1523 1223 1558 καὶ
1248 1523 1432 1568 λυομένου
1459 1524 1522 1558 τοῦ
1552 1521 1640 1558 ὅλου

898 1568 1152 1616 ἀθροίσματος
1184 1567 1205 1615 ἡ
1239 1569 1339 1614 ψυχή
1374 1571 1640 1614 διασπείρεται.

945 1619 1011 1653 diu
1027 1628 1247 1662 permanere.
1274 1618 1366 1652 Eine
1386 1617 1537 1662 langere
1556 1617 1641 1651 Exi-

898 1667 999 1699 stenz
1034 1664 1088 1699 als
1114 1664 1170 1698 bis
1198 1676 1242 1698 zu
1277 1664 1360 1698 dem
1387 1664 1640 1707 Weltbra-nde,

898 1723 953 1747 wo
981 1712 1045 1746 das
1071 1711 1252 1756 gottliehe
1279 1710 1433 1745 U1feuer
1458 1711 1549 1745 alles
1571 1710 1640 1745 Ge-

898 1759 1069 1793 wordene
1084 1758 1122 1792 in
1137 1758 1216 1793 sich
1229 1757 1511 1801 zuri’icknimmt‚
1523 1757 1640 1792 konn-

898 1807 960 1840 ten
975 1805 1034 1840 die
1049 1805 1197 1839 Stoiker
1217 1805 1321 1839 nicht
1335 1805 1504 1849 glauben.
1526 1804 1639 1848 Chry-

897 1852 978 1897 sipp
1017 1851 1143 1887 wollte
1182 1851 1298 1886 selbst
1336 1852 1419 1886 eine
1458 1862 1498 1885 so
1531 1851 1640 1896 lange

898 1898 1100 1934 Fortdaner
1125 1910 1194 1933 nur
1219 1898 1289 1932 den
1311 1897 1442 1932 Seelen
1462 1897 1526 1932 der
1539 1898 1639 1932 Wei-

898 1957 961 1980 sen
987 1946 1221 1990 zugestehm.
1267 1944 1374 1989 Diog.
1396 1945 1481 1979 VIII
1503 1949 1569 1980 156
1590 1944 1614 1980 f.

945 1994 1013 2027 alii
1055 2003 1208 2037 semper,
1259 2002 1298 2026 so
1346 1991 1521 2027 Sokrates
1565 1992 1640 2026 und

898 2039 1015 2075 Plato.

946 2097 1006 2121 cor
1038 2088 1167 2130 ipsum.
1217 2085 1287 2119 Ein
1319 2085 1538 2130 Philosoph,
1577 2085 1641 2120 der

899 2134 988 2168 fiber
1013 2133 1085 2168 den
1104 2132 1310 2177 Gegensatz
1336 2143 1408 2167 von
1435 2132 1540 2167 Seele
1566 2132 1641 2166 und

898 2181 1040 2224 Korper
1076 2179 1335 2223 nachgedacht
1371 2179 1456 2222 hat,
1501 2179 1641 2214 konnte

899 2226 999 2262 diese
1039 2226 1195 2260 Ansicht
1232 2226 1335 2260 nicht
1372 2225 1511 2269 haben,
1553 2226 1641 2260 aber

898 2274 956 2309 die
974 2275 1070 2308 nach
1094 2272 1401 2317 Versinnlichung
1423 2272 1486 2307 des
1505 2272 1640 2308 Geisti-

898 2331 968 2366 gen
984 2320 1177 2366 strebepde
1193 2319 1466 2364 Volkssprache
1486 2319 1642 2354 braucht

898 2369 1050 2411 καρδία,
1090 2367 1193 2412 ἠτορ,
1232 2377 1309 2409 cor,
1342 2370 1485 2411 pectus,
1530 2367 1640 2401 Herz

898 2414 956 2449 fiir
983 2415 1100 2450 Seele.

948 2461 992 2498 P.
1020 2462 1144 2506 Scipio
1170 2462 1311 2497 Nasica
1338 2460 1529 2496 Corculum
1564 2470 1640 2493 war

899 2521 979 2543 zum
1006 2511 1127 2543 ersten
1142 2509 1217 2543 Mal
1240 2507 1379 2543 Konsul
1408 2511 1486 2549 162,
1519 2517 1574 2541 wo
1602 2517 1640 2540 er

898 2566 1027 2600 wegen
1054 2556 1153 2590 eines
1181 2555 1330 2590 Fehlers
1356 2555 1414 2589 bei
1442 2553 1507 2588 der
1528 2552 1641 2587 Wahl

898 2602 963 2637 das
989 2602 1077 2636 Am‘c
1101 2603 1346 2647 niederlegte‚
1380 2613 1460 2635 zum
1487 2600 1640 2634 zweiten

899 2649 974 2683 Mal
1014 2653 1098 2693 155,
1139 2649 1274 2684 Censor
1315 2652 1390 2683 159.
1450 2647 1498 2680 Er
1535 2647 1638 2680 hatte

899 2696 987 2731 iiber
1015 2696 1085 2730 den
1109 2695 1223 2741 Krieg
1251 2706 1369 2740 gegen
1395 2694 1550 2728 Perseus
1576 2703 1639 2737 ge-

899 2743 1102 2777 schrieben.

946 2790 982 2824 S.
1010 2790 1137 2824 Aelius
1172 2789 1306 2823 Paetus
1347 2788 1458 2822 Catus
1500 2785 1640 2821 Konsul

901 2840 976 2871 198.
1005 2835 1130 2870 Cicero
1157 2836 1271 2869 neunt
1296 2834 1359 2869 ihn
1387 2834 1487 2868 Brut.
1512 2837 1567 2877 20,
1596 2836 1638 2867 'IS
