1790 3103
174 91 231 133 80
687 91 735 126 Μ.
764 91 924 126 TULLII
951 90 1205 127 CICERONIS

173 201 438 253 Pythagoran,
476 200 762 252 Democritum,
799 201 1011 240 Platonem.
1075 199 1205 246 Quid?
1245 213 1313 239 vos
1358 201 1486 240 studia
1528 201 1729 241 libidinem

173 257 348 298 vocatis?
381 272 479 310 quae
519 259 578 298 vel
618 261 854 310 optimarum
892 271 1042 310 rerum,
1082 266 1125 297 ut
1163 272 1206 297 ea
1245 266 1354 311 sunt,
1394 272 1493 310 quae
1532 260 1731 312 profertis,

174 318 305 357 sedata
349 323 478 357 tamen
524 323 562 356 et
606 318 812 369 tranquilla
858 330 943 356 esse
985 290 1140 356 dehent.
1321 317 1400 356 Iam
1442 318 1765 369 aegritudinem-

172 376 349 428 laudarc,
381 389 497 415 unam
530 389 613 415 rem
646 378 810 414 maxime
843 375 1130 427 detestabilem,
1164 388 1332 427 quo¹um
1366 382 1425 415 est
1457 377 1612 415 tandem
1645 376 1728 448 phi-

173 433 456 487 losophoium‘?
517 436 564 473 At
597 434 798 473 commode
831 434 928 473 dixit
960 434 1164 473 Afranius:

387 505 488 544 Dum
523 507 636 543 modo
670 506 802 543 doleat
834 503 1004 553 aliquid
1039 506 1171 543 doleat
1203 503 1419 553 qm'dluhet.

174 576 277 615 Dixit
304 578 408 615 enim
435 575 480 613 dc
509 575 758 613 adulescente
788 574 941 624 perdito
975 587 1017 612 ac
1051 575 1259 626 dissolut03
1293 587 1364 613 nos
1396 581 1526 614 autem
1559 575 1605 613 de
1640 587 1730 614 con-

174 636 291 674 stanti
325 636 406 672 viro
445 646 488 671 ac
527 634 693 684 sapienti
732 634 967 683 quaerimus.
1031 632 1079 671 Et
1122 633 1279 684 quidem
1321 635 1445 684 ipsam
1486 633 1588 672 illam
1630 635 1727 672 iram

174 695 353 732 centurio
381 692 519 730 habeat
545 698 610 729 aut
637 692 798 742 signifer
831 691 889 729 vel
923 693 1062 743 ceteri,
1095 692 1140 730 de
1175 691 1317 742 quibus
1350 692 1428 730 dici
1460 705 1536 730 non
1570 704 1732 731 necesse
1780 722 1781 726 ,

175 758 252 803 est,
293 764 339 789 ne
374 751 578 789 rhetorum
617 751 837 800 aperiamus
877 752 1070 801 mysteria.
1134 750 1234 789 Utile
1277 756 1338 789 est
1379 752 1482 789 enim
1525 752 1581 790 uti
1625 756 1733 790 motu

175 811 309 861 animi,
343 811 410 860 qui
443 810 501 847 uti
533 810 682 847 ratione
717 821 793 847 non
827 815 973 859 potest:
1015 821 1086 847 uos
1118 815 1266 860 autem,
1306 816 1349 848 ut
1382 810 1571 848 testificor
1604 821 1733 861 saepe,

177 869 224 907 de
258 870 434 919 sapiente
468 869 704 918 quaerimus

103 913 159 953 26
293 928 341 965 At
374 928 489 964 etiam
523 925 709 963 aemulari
741 925 835 963 utile
869 931 945 977 cst,
978 925 1218 977 obtrectare,
1250 927 1440 964 misereri.
1504 926 1583 964 Cur
1617 927 1731 965 mise·

115 964 159 995 56
175 997 285 1023 reare
313 987 444 1035 potius
471 996 586 1034 qnam
614 984 716 1021 feras
743 996 877 1035 opem,
902 984 935 1021 si
961 984 999 1022 id
1027 985 1156 1022 facere
1184 982 1340 1035 possis?
1383 986 1442 1022 An
1469 986 1551 1022 sine
1580 986 1731 1023 miseri-

175 1043 307 1082 cordia
348 1042 527 1081 liberales
570 1054 655 1080 esse
702 1054 778 1079 non
820 1040 1059 1092 possumus?
1120 1042 1205 1080 Non
1255 1044 1358 1080 enim
1406 1044 1609 1093 suscipere
1655 1042 1734 1094 vipsi

175 1101 440 1152 aegritudines
470 1106 632 1152 propter
665 1100 759 1138 alios
792 1099 999 1151 debemus,
1033 1101 1098 1139 sed
1133 1101 1248 1152 alios,
1281 1103 1314 1139 si
1347 1113 1574 1153 possumus,
1606 1101 1735 1140 levare

175 1160 429 1211 aegritudine.
494 1158 725 1197 Obtrectare
771 1171 863 1197 vero
909 1159 1020 1197 alteri
1066 1166 1132 1198 aut
1176 1159 1238 1197 illa
1280 1161 1418 1198 vitiosa
1463 1159 1736 1211 aemulatione,

177 1231 275 1269 quae
309 1218 489 1257 rivalitati
521 1217 658 1255 similis
691 1223 767 1268 est,
807 1217 993 1256 aemulari
1033 1218 1125 1268 quid
1165 1218 1281 1256 habet
1318 1218 1516 1270 utilitatis,
1557 1230 1646 1257 cum
1686 1220 1736 1257 sit

176 1277 406 1316 aemulantis
446 1278 535 1327 angi
573 1276 698 1314 alieno
737 1275 858 1328 bono,
897 1276 1000 1326 quod
1039 1278 1121 1326 ipse
1163 1289 1239 1315 nou
1279 1276 1435 1328 habeat,
1477 1276 1735 1316 obtrectantis

176 1342 307 1375 autem
340 1337 428 1386 angi
461 1335 586 1374 alieno
620 1335 740 1386 bono,
773 1334 877 1385 quod
910 1334 947 1373 id
981 1337 1097 1373 etiam
1130 1335 1228 1373 alius
1261 1333 1430 1374 habeat?
1493 1335 1568 1380 Qui
1601 1335 1638 1373 id
1672 1335 1735 1374 ad-

176 1394 332 1446 probari
378 1396 518 1445 possit,
565 1393 850 1443 aegritudinem
898 1396 1098 1444 suscipere
1145 1406 1215 1444 pro
1261 1395 1520 1446 experientia,
1566 1395 1598 1432 si
1642 1393 1735 1444 quid

176 1453 320 1491 habere
355 1450 477 1491 velis‘?
510 1464 599 1490 nam
631 1451 757 1490 solum
790 1451 933 1490 habere
967 1452 1061 1490 velle
1097 1464 1247 1491 summa
1280 1452 1474 1491 dementia
1509 1459 1579 1491 est.

117 1522 160 1554 57
295 1511 585 1549 Mediocritates
618 1514 748 1549 autem
782 1510 972 1549 malorum
1007 1512 1094 1561 quis
1120 1511 1278 1549 laudare
1306 1516 1413 1549 recte
1440 1508 1592 1562 possit?
1638 1510 1735 1556 Quis

177 1572 280 1609 enim
312 1576 458 1622 potest,
490 1571 529 1607 in
558 1581 634 1620 quo
661 1568 780 1607 libido
808 1569 1047 1620 cupiditasve
1082 1571 1143 1621 sit,
1177 1582 1253 1608 non
1287 1569 1520 1608 libidinosus
1552 1575 1591 1608 et
1623 1571 1735 1620 cupi-

223 1719 425 1762 Afram'us,
453 1729 479 1752 s.
507 1721 567 1760 20,
594 1720 650 1751 45.

223 1766 333 1800 Dixit
382 1766 486 1799 enim.
560 1764 630 1798 Ein
679 1763 916 1798 unsittlicher

176 1813 345 1855 Menseh,
390 1812 459 1846 den
498 1811 557 1845 die
595 1811 777 1845 Vernunft
813 1811 918 1845 nicht

176 1860 406 1903 behert-seht,
427 1858 521 1892 muss
542 1858 657 1892 durch
679 1858 825 1892 Strafen
843 1858 917 1892 und

177 1906 455 1940 Bekiimmernis
484 1905 522 1939 in
548 1904 761 1939 Schranken
788 1905 916 1949 gebal-

176 1956 240 1988 ten
272 1953 434 1995 werden3
474 1952 545 1985 den
578 1953 707 1986 Rohen
737 1952 811 1985 und
845 1952 916 1985 Un-

177 2000 390 2045 gebildcten
427 1980 542 2033 'treibt
579 2000 670 2032 statt
709 1998 773 2032 der
805 1989 918 2032 Uber-

177 2047 315 2091 legung
335 2046 394 2080 die
409 2045 672 2080 Leidenschaft
691 2057 752 2079 zur
767 2045 917 2089 Tapfer-

176 2094 265 2128 keit.
318 2092 406 2127 Dafs
442 2093 530 2127 aber
564 2091 687 2126 weder
727 2091 792 2126 der
838 2091 917 2126 eine

177 2141 302 2175 wahre
323 2139 569 2183 Sittlichkeit,
596 2139 690 2173 noch
716 2138 780 2173 der
806 2139 918 2173 andre

178 2187 302 2222 wahre
329 2187 409 2231 Tap
412 2187 547 2220 feikeit
585 2187 666 2228 hat,
706 2187 789 2229 sagt
825 2186 918 2219 auch

179 2234 330 2269 Aristot
369 2234 452 2267 Eth.
493 2214 666 2267 Nic.111'
704 2236 740 2266 11
783 2232 847 2266 καὶ
885 2230 922 2266 οἵ

178 2278 375 2324 ἄνθρωποι
405 2278 451 2324 δὴ
485 2277 721 2323 ὀργιζόμενοι
753 2292 821 2334 μεν
855 2276 919 2313 ἆλ-

179 2328 326 2371 γοῦσιν,
366 2324 639 2381 τιμωρούμενοι
676 2324 717 2360 δε
751 2322 918 2369 ἥδονται,

181 2372 218 2408 οἷ
241 2372 282 2409 δε
309 2371 373 2408 διὰ
401 2374 518 2407 ταῦτα
539 2370 745 2417 μαχόμενοι
766 2370 920 2417 μάχιμοι

180 2420 266 2466 μέν,
293 2418 362 2455 οὐκ
388 2417 556 2463 ἀνδρειοι
582 2419 636 2454 δέ.

226 2480 270 2503 ne
294 2468 491 2509 rhetor-mn,
517 2467 656 2501 welche
679 2466 824 2507 lehi-en,
851 2466 919 2500 wie

179 2526 266 2550 man
291 2515 349 2549 die
370 2515 503 2558 Menge
524 2513 720 2547 fiberredet
744 2512 820 2546 und
839 2513 920 2547 ihre

180 2561 488 2596 Leidenschafteu
514 2560 722 2595 entflammt
747 2560 834 2594 oder
858 2560 920 2594 be-

180 2609 262 2643 ruln'
290 2611 316 2643 t.

229 2620 319 2700 Κὲρ.
356 2655 418 2689 26.
470 2658 524 2688 56.
571 2655 619 2687 At
665 2654 788 2695 etiam
834 2652 922 2688 aber

181 2702 296 2737 selbst
320 2702 546 2740 Eifersucht
590 2711 664 2735 was
701 2711 788 2734 man
826 2699 922 2734 doch

180 2761 239 2783 am
262 2749 505 2793 wenigstenD
485 2730 645 2782 ‹rifluben
665 2747 785 2783 sollte.
823 2747 854 2780 1
858 2747 922 2781 ber

180 2796 309 2830 diesen
342 2795 535 2830 Gebrauch
567 2806 638 2829 von
678 2798 715 2828 a!
747 2795 854 2829 etiam
893 2804 921 2827 s.

181 2842 337 2887 Seyffert
365 2842 437 2877 sch.
465 2842 528 2876 lat.
556 2841 569 2873 Ι
598 2854 631 2886 1.
659 2845 715 2876 ⁶29.

1037 1718 1216 1752 aemulari
1238 1738 1280 1742 -
1301 1718 1513 1760 obtrectare,
1540 1728 1566 1751 s.
1593 1720 1650 1760 20,
1678 1721 1734 1752 46.

992 1785 1034 1789 —
1055 1766 1145 1799 utile
1170 1769 1237 1807 est,
1263 1764 1426 1799 niimlioh
1446 1765 1542 1799 nach
1562 1764 1627 1799 der
1646 1764 1736 1798 Mei-

990 1823 1092 1856 nung
1119 1812 1184 1846 der
1209 1811 1491 1856 Peripatetiker.

1037 1877 1237 1910 rivalitati:
1270 1876 1306 1909 in
1333 1875 1575 1910 klassischem
1602 1875 1733 1910 Latein

990 1922 1137 1958 bezieht
1164 1924 1241 1957 sich
1276 1924 1341 1957 das
1367 1923 1475 1957 Wort
1505 1923 1637 1957 immer
1667 1934 1736 1956 nur

992 1969 1058 2003 auf
1074 1970 1139 2004 das
1154 1969 1367 2004 Verh‘altnis
1389 1970 1453 2004 dei·
1474 1969 1736 2004 Nebenbuhler

990 2016 1050 2050 bei
1076 2016 1348 2051 Liebsohaften.

1038 2081 1287 2115 obtrectantis:
1314 2080 1386 2115 Cic.
1414 2080 1480 2114 hat
1505 2080 1586 2114 hier
1606 2080 1681 2114 und
1702 2083 1735 2122 8,

993 2130 1036 2161 18
1063 2128 1271 2162 obtrectatio
1297 2131 1347 2162 cst
1366 2138 1423 2168 ea,
1449 2138 1557 2171 quam
1579 2127 1738 2171 intelle-qi

992 2174 1069 2208 volo
1107 2175 1330 2218 ζηλοτυπίαν
1377 2173 1448 2208 den
1486 2173 1630 2218 Begriff
1663 2185 1736 2212 von

992 2222 1188 2256 obtrectare
1228 2221 1333 2255 nicht
1368 2231 1490 2265 genau
1536 2221 1736 2263 bestimmt‚

994 2268 1091 2302 denn
1116 2269 1310 2302 obtrectare
1340 2267 1556 2302 bezeichnet
1581 2279 1650 2301 nur
1676 2267 1735 2302 die

993 2315 1162 2359 Vorziige
1212 2314 1311 2349 eines
1356 2315 1515 2349 anderen
1568 2313 1736 2349 neidisch

993 2362 1226 2396 verkleinern
1256 2361 1332 2395 und
1364 2361 1620 2405 herabsetzen,
1659 2371 1735 2395 was

994 2408 1089 2443 doch
1110 2408 1250 2443 sowohl
1276 2419 1349 2443 von
1375 2407 1512 2451 ciuem,
1538 2408 1603 2442 der
1623 2407 1736 2442 selbst

994 2454 1092 2489 diese
1120 2455 1288 2499 Vorziige
1314 2455 1462 2498 besstzb,
1495 2454 1550 2489 als
1581 2465 1653 2490 von
1685 2454 1736 2489 ei-

994 2513 1095 2544 nem‚
1140 2502 1205 2536 der
1245 2502 1297 2537 sie
1334 2501 1438 2536 nicht
1481 2501 1629 2543 besitzt‚
1674 2512 1735 2545 ge-

994 2549 1155 2583 schehen
1181 2549 1293 2583 kann.

994 2617 1107 2687 k”pro
1129 2607 1371 2687 emperienltlita:
1398 2605 1591 2688 staff-sich
1610 2618 1659 2659 zu.
1672 2607 1734 2641 be-

994 2663 1357 2744 vzssffcffnfflagssenf
1394 2663 1522 2734 gglbsze
1539 2664 1586 2734 zell
1616 2663 1735 2734 eli-1123}

993 2758 1076 2791 gen,
1090 2759 1151 2780 um
1166 2758 1240 2781 was
1256 2757 1295 2781 er
1308 2746 1442 2781 andere
1457 2746 1638 2782 beneidet.
1667 2746 1737 2782 Mit

992 2804 1077 2828 nam
1105 2795 1145 2838 (s.
1173 2806 1200 2827 z.
1228 2794 1279 2827 III
1299 2797 1318 2835 ξ
1340 2797 1398 2837 35)
1424 2793 1516 2828 wird
1543 2794 1641 2828 daun
1667 2793 1732 2828 das

994 2840 1192 2875 Thorichte
1220 2840 1284 2874 der
1309 2841 1518 2875 obtrectatio
1545 2840 1703 2886 gezeigt.
