1790 3103
167 100 223 141 24
566 116 571 123 -
691 99 738 135 M.
765 99 927 133 TULLII
952 99 1204 135 CICERONis

168 209 328 260 religata
360 207 528 260 pendeat
561 214 600 246 et
631 220 709 246 non
743 214 781 247 et
806 210 956 247 oriatur
987 221 1007 247 a
1041 221 1082 248 se
1115 216 1153 248 et
1179 222 1318 249 rursus
1351 210 1396 248 ad
1431 223 1470 250 se
1497 216 1726 251 revertatur
1759 211 1771 252 .“

112 320 114 322 ¹
168 274 207 306 et
238 269 366 306 omnia
400 279 469 306 sua
501 266 688 318 conplexa
714 266 808 305 nihil
836 273 998 318 quaerat
1023 267 1196 320 aliunde,
1228 280 1306 307 non
1337 268 1520 320 intellego
1553 281 1625 308 cur
1654 275 1722 310 aut
1764 292 1766 295 v

138 338 140 340 ·
169 325 296 364 verbis
328 331 406 364 tam
437 325 691 364 vehementer
723 326 894 364 ornanda
927 332 994 365 aut
1030 338 1073 365 re
1111 332 1218 366 tanto
1256 339 1374 378 opere
1413 327 1629 378 expetenda
1666 330 1720 367 vi-
1760 375 1761 378 Ἴ

168 381 333 423 deatur.'
395 383 452 422 Ad
496 384 592 422 haec
636 383 737 422 hona
779 395 839 422 me
879 385 912 422 si
950 396 1127 437 revocas,
1165 385 1352 437 Epicure,
1390 397 1526 437 pare0,
1565 389 1755 439 sequor,'

168 449 258 481 utor
302 449 339 481 te
384 444 469 492 ipso
515 443 632 493 duce,
677 442 885 480 obliviscor
927 445 1044 481 etiam
1086 443 1295 496 malorum,
1340 449 1383 482 ut
1424 443 1552 495 iubes,
1595 456 1722 495 eoque

169 500 337 552 facilius,
376 501 479 551 quod
520 513 563 539 ea
596 513 643 538 ne
677 502 716 538 in
749 500 859 538 malis
900 501 1058 551 quidem
1095 502 1275 553 ponenda
1313 514 1467 540 censeo.
1531 502 1606 541 Sed
1646 509 1723 542 tra-

169 559 280 598 ducis
313 561 568 610 cogitationes
603 571 706 597 meas
738 559 784 597 ad
817 559 1046 610 voluptates.
1109 558 1243 605 Quas?
1284 562 1461 611 corporis
1500 561 1617 599 credo
1656 566 1724 600 aut

171 630 269 668 quae
314 623 476 669 propter
520 629 664 668 corpus
708 617 767 656 vel
811 617 1082 657 recordatione
1122 619 1180 657 vel
1220 632 1287 670 spe
1326 621 1560 670 cogitentur.
1621 618 1723 658 Num

169 676 262 727 quid
295 682 355 715 est
386 673 518 714 aliud?
550 682 709 714 rectene
735 677 838 727 inter
870 682 976 715 retor
1047 679 1195 716 ntentia
1263 676 1397 716 tuam?
1458 677 1594 716 Solent
1620 679 1724 716 enim

109 747 153 778 38
168 736 234 773 isti
266 747 408 785 negare
441 746 512 772 nos
544 734 772 785 intellegere
806 689 1328 786 thffl
1335 735 1418 774 Hoc
1450 736 1545 774 dicit
1576 741 1615 774 et
1648 735 1724 774 hoc

169 792 231 831 ille
265 793 460 831 acriculus
500 805 561 831 me
600 793 781 832 audiente
821 793 983 832 Athenis
1023 806 1142 832 senex
1183 794 1304 846 Zeno,
1341 795 1508 832 istorum
1545 795 1723 833 acutissi-

169 863 273 903 mus,
307 851 545 890 contendere
579 857 617 890 et
649 864 785 902 magua
818 864 911 890 voce
944 852 1074 891 dicere
1108 852 1274 905 solebat,
1312 865 1401 891 eum
1434 864 1520 891 esse
1554 852 1725 905 beatum,

170 912 237 960 qui
268 910 543 961 praesentibus
575 910 839 961 voluptatibus
872 910 1072 949 frueretur
1104 911 1398 962 consideretque
1431 923 1471 949 se
1505 910 1722 950 fruiturum

169 975 235 1007 aut
275 970 315 1007 in
356 970 461 1006 omni
502 973 569 1007 aut
608 970 648 1006 in
690 981 825 1019 magna
867 975 976 1019 parte
1010 971 1108 1008 vitae
1148 969 1280 1008 dolore
1320 981 1397 1007 non
1435 970 1723 1008 interveniente

170 1034 253 1079 aut,
287 1028 319 1065 si
350 1028 624 1079 interveniret,
666 1029 698 1065 si
731 1039 908 1066 summus
946 1028 1065 1080 foret,
1105 1029 1281 1066 futurum
1320 1027 1498 1079 brevem,
1537 1029 1596 1066 sin
1636 1039 1726 1079 pro-

169 1086 342 1137 ductior,
374 1085 461 1137 plus
493 1085 719 1124 habiturum
752 1086 913 1124 iucundi
945 1098 1061 1137 quam
1095 1087 1200 1125 mali:
1241 1087 1337 1125 haec
1371 1088 1607 1137 cogitantem
1640 1086 1726 1124 sore

168 1143 344 1196 beatum,
383 1145 613 1195 praesertim
647 1146 679 1182 si
712 1149 750 1182 et
781 1150 869 1183 ante
908 1147 1104 1196 perceptis
1144 1145 1256 1183 bonis
1297 1150 1506 1183 contentus
1546 1149 1651 1183 esset
1689 1149 1729 1183 et

170 1215 241 1241 nec
273 1208 441 1241 mortem
472 1214 545 1241 nec
577 1202 672 1241 deos
707 1204 992 1242 extimesceret.
1056 1203 1184 1241 Habes
1224 1203 1387 1241 sormam
1427 1202 1587 1253 Epicuri
1627 1203 1728 1242 vitae

168 1260 302 1300 heatae
336 1261 466 1299 verbis
498 1260 665 1299 Zenonis
699 1273 945 1313 expressam,
977 1262 1072 1300 nihil
1106 1268 1148 1300 ut
1180 1263 1305 1313 possit
1337 1263 1482 1312 negari.

100 1307 153 1348 13
287 1320 387 1365 Quid
415 1317 536 1370 ergo?
568 1320 736 1358 huiusne
762 1321 862 1358 vitae
888 1322 1104 1371 propositio
1138 1327 1176 1359 et
1208 1321 1393 1371 cogitatio
1420 1325 1486 1358 aut
1512 1319 1726 1370 Thyestem

107 1359 127 1389 3
167 1378 295 1417 levare
321 1380 466 1429 poterit
492 1383 559 1417 aut
583 1378 761 1431 Aeetam,
792 1378 839 1417 de
873 1391 950 1429 quo
982 1379 1096 1429 paulo
1129 1384 1218 1417 ante
1251 1379 1347 1430 dixi,
1379 1383 1446 1416 aut
1472 1377 1726 1416 Telamonem

165 1437 323 1489 pulsum
353 1439 478 1488 patria
511 1437 753 1476 exsulantem
787 1443 902 1488 atque
935 1435 1144 1488 egentem?
1184 1439 1221 1475 in
1262 1449 1338 1487 qno
1377 1437 1472 1475 haec
1515 1436 1724 1475 admiratio

169 1495 304 1535 fiebat:

169 1596 276 1620 wenn
307 1585 359 1620 sie
383 1597 456 1620 von
482 1584 650 1619 ausseren
675 1585 820 1630 Dingen
846 1586 908 1620 ab·

169 1632 311 1677 hangig
335 1633 401 1675 ist,
433 1631 537 1666 nieht
568 1632 635 1666 auf
657 1632 722 1666 der
746 1632 911 1667 Freiheit

171 1680 234 1714 des
256 1678 412 1714 Willens
430 1679 565 1713 beruht
586 1679 661 1713 und
680 1679 716 1713 in
738 1679 816 1714 sich
837 1679 910 1714 alle

171 1726 438 1772 Bedingungen
451 1737 513 1759 zm·
524 1726 819 1771 Gliiekseligkeit
832 1729 911 1761 ent-

172 1773 262 1808 halt.
314 1773 360 1808 ad
385 1774 471 1807 fam.
492 1773 525 1807 V
554 1777 612 1815 13,
642 1778 657 1806 1
687 1774 829 1807 laudem
854 1784 911 1808 sa-

166 1821 329 1864 pientiae
359 1824 479 1855 statuo
511 1831 581 1854 esse
610 1821 808 1854 mamimmn
838 1831 912 1854 non

172 1868 322 1902 alizmde
342 1868 499 1911 pendere
524 1877 588 1901 nec
607 1867 828 1902 extrinsecus
847 1871 912 1901 aut

172 1915 256 1948 bene
282 1918 346 1948 aut
365 1915 456 1948 male
476 1915 621 1949 vivendi
639 1924 830 1958 suspensas
849 1915 913 1948 ha-

173 1962 251 1996 bere
276 1962 444 1996 rationes.

214 2011 366 2052 propter
385 2019 532 2053 eorpus,
554 2008 607 2042 ‘in
621 2007 743 2053 Bezug
763 2007 828 2042 auf
845 2008 915 2042 den

172 2054 343 2099 Korper'.

220 2102 320 2136 Num
346 2103 435 2146 quid
460 2105 509 2136 est
529 2102 650 2136 aliud:
677 2112 713 2136 es
733 2101 826 2135 wird
848 2101 915 2135 fin-

173 2148 285 2194 giert,
322 2148 402 2182 dass
436 2149 494 2182 die
530 2148 735 2193 Epikureer
768 2148 916 2182 Muri-en

175 2195 262 2230 oder
285 2195 547 2240 Widersprueh
567 2206 688 2240 gegen
709 2195 766 2229 die
787 2195 915 2239 vorige

174 2243 423 2286 Behauptung
450 2242 620 2276 erheben.

223 2289 343 2323 Solent
369 2290 463 2323 em'm
488 2290 556 2324 cet.
607 2289 651 2323 de
678 2288 736 2323 fin.
765 2289 796 2322 II
817 2292 849 2330 4,
873 2292 914 2322 12

175 2337 295 2380 itaque
331 2336 396 2370 hoe
433 2336 636 2379 frequenter
673 2336 747 2370 diei
777 2336 862 2369 solet
894 2346 917 2368 a
962 2326 1084 2375 ‘fldem

174 2383 274 2417 vobis
304 2392 379 2417 non
409 2383 609 2426 intelleyere
638 2393 703 2416 nos
728 2393 835 2426 quam
861 2382 951 2439 (li-„e
969 2375 1102 2453 *gland

896 2454 901 2457 ,
1034 2441 1055 2462 7·

223 2479 278 2510 38.
308 2476 424 2518 Zeno,
446 2475 505 2510 ein
525 2475 745 2519 Epikureer,
766 2475 836 2509 den
859 2445 953 2537 0έὲΙὲ
973 2446 1189 2536 Νειρῖῖέῖζδζ

953 2532 960 2538 ’
1169 2533 1186 2553 1

175 2433 234 2464 eat
258 2429 447 2473 Epicurus
474 2430 701 2472 voluptatem.

176 2533 259 2557 cero
284 2522 360 2556 und
386 2522 532 2557 Atticus
557 2522 594 2556 in
621 2522 743 2556 Athen
770 2522 876 2556 horte

175 2570 236 2604 ein
280 2569 452 2603 schmah-
497 2569 571 2603 und
621 2552 966 2613 streitsiiehtigovgl·

175 2616 306 2659 Manu,
332 2616 421 2650 aber
440 2616 539 2650 wohl
566 2615 631 2650 der
650 2596 1049 2691 bedeutendsom‘fflzzdo,
1076 2588 1175 2682 Oe'erssf

995 2671 1017 2697 n

174 2665 283 2698 unter
302 2663 373 2697 den
393 2662 605 2707 damaligen
626 2661 891 2715 Epikureischt1

176 2710 349 2746 Lehrern.
400 2710 445 2744 de
480 2709 579 2744 deor.
614 2711 689 2744 nat.
726 2709 740 2742 Ι
773 2713 833 2751 21,
861 2713 874 2742 t

177 2761 479 2846 34ge9f32fitumm
500 2806 574 2838 aut.
624 2805 690 2837 aut
709 2802 818 2837 sollte

178 2851 379 2896 angestellt
416 2850 510 2892 sein,
555 2850 604 2884 da
643 2850 708 2884 der
744 2849 793 2884 fol

867 2700 984 2784 ι111111ἐέ
986 2717 1067 2757 ere„
1090 2728 1159 2776 Ver

853 2773 911 2815 die
924 2770 1109 2840 ReibWIl-dt
1144 2790 1154 2822 1'

981 1585 1048 1619 Inf.
1076 1585 1243 1627 futurum
1269 1595 1341 1619 von
1367 1584 1560 1627 confideret
1589 1583 1731 1618 abhan-

983 1632 1047 1677 gig
1071 1632 1129 1666 ist.
1182 1632 1255 1666 Cic.
1290 1631 1445 1676 beginnt
1479 1631 1550 1665 den
1588 1631 1729 1665 abhan-

983 1679 1096 1724 gigen
1123 1679 1224 1720 Sam,
1252 1678 1306 1713 als
1332 1678 1458 1713 wollte
1485 1687 1524 1712 er
1549 1677 1649 1712 noch
1669 1677 1730 1711 ein

984 1726 1130 1760 zweites
1151 1725 1289 1769 Objekt
1308 1737 1351 1759 zu
1375 1725 1580 1769 fruituram
1601 1723 1729 1769 folgen

984 1773 1118 1807 lassent

1032 1823 1064 1854 et
1097 1830 1162 1853 nec
1195 1822 1340 1853 mortem
1374 1829 1438 1852 nee
1471 1818 1564 1852 deos.
1617 1820 1649 1852 et
1681 1817 1732 1852 ist

986 1866 1024 1900 in
1046 1867 1114 1901 den
1135 1866 1240 1900 Hdss.
1263 1865 1511 1910 ausgefallen‚
1537 1864 1622 1898 darf
1639 1864 1730 1898 aber

986 1914 1090 1947 nicht
1114 1913 1254 1955 fehlen,
1285 1912 1381 1946 denn
1407 1911 1492 1946 dem
1517 1914 1549 1946 et
1575 1931 1619 1937 —-
1646 1921 1730 1946 con-

987 1964 1104 1995 tentus
1130 1963 1215 1994 esset
1242 1958 1336 1993 muse
1363 1958 1422 1993 ein
1449 1958 1594 1993 zweites
1621 1957 1730 1993 Glied

987 2008 1055 2041 mit
1080 2011 1111 2041 et
1136 2007 1246 2046 ode-'5⁴'
1271 2016 1354 2050 eque
1379 2005 1640 2049 entsprechen:
1667 2014 1734 2040 nec

989 2074 1031 2079 —-
1061 2064 1124 2088 nec
1161 2046 1240 2079 1‘07'
1293 2053 1356 2087 det
1391 2063 1460 2086 nur
1499 2051 1558 2086 die
1596 2051 1731 2086 beiden

989 2100 1091 2135 Tene
1124 2087 1214 2156 ‘¹55⁸‘

989 2147 1141 2181 einanffl
1201 2136 1229 2170 ‘⁶

1304 2099 1380 2134 iten
1419 2098 1567 2133 Gliedes
1607 2099 1732 2133 unter-

1311 2148 1325 2180 ὲ
1362 2146 1427 2180 das
1461 2146 1589 2180 zweite
1623 2144 1732 2179 Glied

990 2170 1224 2251 selluffl‘ssssfffl
1337 2194 1470 2227 ersten.

992 2249 1089 2322 ’δέξῃ
1115 2235 1219 2311 ,ga-{2³
1392 2240 1502 2283 paulo
1551 2242 1651 2280 avite,
1703 2250 1733 2272 s.

1064 2304 1084 2326 Z
1098 2313 1206 2355 Pare,
1422 2344 1486 2366 ‘m-
1550 2332 1732 2365 ‘telamon

1107 2358 1198 2402 Wied

1440 2371 1557 2406 schen
1584 2374 1730 2420 Kriege,

1104 2408 1197 2449 efter

1447 2417 1546 2453 Sohn
1586 2421 1731 2458 Teucer

1471 2467 1640 2502 errsehaft
1665 2469 1728 2504 be-

1477 2511 1539 2547 des
1564 2525 1636 2549 von
1658 2514 1727 2560 Cy-

1472 2557 1608 2595 Peucer
1639 2562 1726 2597 wie-

1472 2605 1504 2639 :h
1538 2605 1724 2644 Ribbecks

1463 2662 1527 2696 ag.
1565 2666 1600 2699 p.
1639 2657 1727 2700 421)

1457 2711 1468 2732 1
1494 2699 1606 2736 Verse
1639 2714 1723 2737 zum

992 2563 1031 2602 ΙῙ
1051 2581 1073 2613 2

1056 2688 1164 2731 prin<

1455 2792 1522 2826 auf
1541 2794 1721 2830 welchen.

1020 2821 1148 2878 GDfOJg,
1441 2839 1538 2874 'fidia
1571 2851 1645 2876 non
1678 2843 1720 2878 in
