1817 3103
275 106 669 143 TUSCULANARUM
695 105 1093 141 DISPUTATIONUM
1120 106 1161 140 11.
1191 111 1336 142 14—18.

32 221 133 271 fere,
171 218 274 269 quod
308 218 420 256 modo
455 222 514 256 tu:
552 216 694 255 malum
726 215 820 254 illud
860 215 1035 267 quidem,
1074 216 1140 254 sed
1174 215 1243 254 alia
1276 218 1419 266 peiora.

32 278 90 331 id,
128 276 230 328 quod
270 283 406 315 natura
444 277 526 327 ipsa
565 281 604 314 et
643 275 829 326 quaedam
868 286 1057 325 generosa
1091 275 1214 312 virtus
1252 276 1381 312 statim
1423 278 1572 326 respuit

31 349 81 376 ne
114 335 263 374 scilicet
295 334 468 373 dolorem
502 346 696 372 summum
735 332 876 372 malum
916 332 1068 371 diceres
1100 333 1357 383 oppositoque
1392 333 1584 372 dedecore

1528 106 1581 147 79

1477 217 1580 267 Ergo
1597 227 1612 256 1

1573 224 1647 349 ,i

33 395 225 434 sententia
263 393 522 445 depellerere,
567 394 605 431 in
639 405 684 431 eo
718 393 900 443 magistra
935 393 1031 429 vitae
1064 391 1308 442 philosophia
1341 396 1398 429 tot
1431 392 1584 429 saecula
1636 387 1641 398 ³

31 459 245 505 permanet.

308 451 419 498 Quod
459 451 549 490 huic
588 452 777 502 osticium,
816 462 913 500 quae
953 449 1054 502 laus,
1092 449 1195 500 quod
1229 449 1348 487 decus
1381 451 1455 487 erit
1488 451 1586 487 tanti

33 511 137 563 quod
179 510 340 562 adipisci
387 522 475 549 cum
524 509 656 548 dolore
696 510 873 560 corporis
914 508 1021 561 velit,
1066 510 1132 559 qui
1173 507 1346 546 dolorem
1390 519 1584 546 summum

33 570 176 609 malum
210 569 283 607 sihi
315 581 401 607 esse
434 565 703 619 persuaserit?
747 567 869 613 Quam
902 579 1021 617 porro
1055 568 1141 617 quis
1174 568 1437 618 ignominiam,
1470 564 1584 617 quam

33 627 316 680 turpitudinem
356 639 432 665 non
472 626 697 678 pertulerit,
735 632 778 665 ut
817 626 975 677 effugiat
1012 625 1203 677 dolorem,
1242 627 1273 663 si
1312 625 1348 663 id
1389 636 1585 664 summum

34 687 178 726 malum
217 699 301 725 esse
340 683 585 724 decreverit?

635 685 730 730 Quis
769 690 899 723 autem
937 696 1015 722 non
1054 685 1172 722 miser
1211 696 1287 722 non
1327 684 1441 722 modo
1481 689 1586 735 tunc,

36 758 124 785 cum
156 750 358 796 premetur
400 745 562 783 summis
600 743 818 795 doloribus,
860 745 893 781 si
931 744 969 781 in
1008 742 1068 781 his
1107 749 1166 781 est
1204 754 1399 781 summum
1432 742 1587 794 malum,

37 804 106 843 sed
139 806 253 842 etiam
287 815 375 842 cum
413 804 511 841 sciet
547 802 585 840 id
625 802 697 840 sibi
729 814 843 853 posse
878 799 1063 840 evenire?
1107 808 1146 839 et
1183 803 1270 852 quis
1311 808 1370 839 est
1407 803 1470 839 cui
1509 812 1585 838 non

36 860 191 914 possit?
251 861 307 900 Ita
340 862 382 900 fit
412 866 456 900 ut
494 862 651 900 omnino
691 873 804 900 nemo
844 873 928 899 esse
967 862 1092 912 possit
1132 860 1280 899 beatus.

37 921 193 973 quidem
225 921 399 972 perfecte
433 933 522 959 eum
554 920 711 959 beatum
749 925 877 972 putat,
917 921 979 958 cui
1017 931 1161 970 corpus
1201 919 1298 957 liene
1333 920 1588 957 constitutum

35 982 87 1020 sit
123 985 163 1018 et
200 979 442 1030 exploratum
481 981 533 1017 ita
571 991 727 1030 semper
767 979 860 1017 fore.

924 978 1021 1024 Quis
1059 984 1189 1016 autem
1222 984 1282 1016 est
1320 979 1411 1030 iste,
1449 978 1511 1015 cui
1552 976 1589 1015 id

1342 859 1588 898 Metrodorus
1607 868 1646 898 17

36 1038 281 1090 exploratum
312 1039 435 1088 possit
474 1035 589 1076 esse?
650 1037 845 1089 Epicurus
878 1049 968 1075 vero
1002 1050 1045 1075 ea
1078 1037 1188 1088 dicit,
1229 1043 1272 1075 ut
1305 1036 1399 1075 mihi
1431 1035 1628 1087 quiden17

36 1099 141 1136 risus
189 1102 344 1148 captare
389 1096 575 1135 videatur.

637 1096 824 1134 Adfirmat
869 1097 970 1134 enim
1017 1095 1184 1147 quodam
1227 1095 1330 1147 loco,
1376 1096 1407 1133 si
1452 1100 1590 1133 uratur

36 1157 208 1208 sapiens,
253 1157 285 1193 si
324 1157 524 1193 crucietur
565 1176 613 1181 —
656 1160 860 1205 exspectas
906 1155 1070 1193 fortasse
1112 1154 1204 1193 dum
1244 1154 1364 1205 dicat,
1409 1155 1590 1205 patietur,

35 1215 227 1267 perferet,
260 1225 336 1252 non
370 1213 619 1252 succumbet:
657 1225 792 1264 magna
825 1225 886 1251 me
919 1212 1088 1251 Hercule
1120 1212 1204 1251 laus
1237 1219 1275 1251 et
1308 1224 1352 1250 eo
1385 1214 1488 1263 ipso,
1520 1223 1591 1262 per

37 1285 153 1325 quem
185 1273 320 1324 iuravi,
351 1271 532 1324 Hercule,
564 1272 696 1324 digna,
736 1272 803 1310 sed
836 1271 1026 1323 EpicurO,
1057 1271 1205 1310 homini
1238 1283 1376 1322 aspero
1409 1276 1448 1309 et
1480 1270 1591 1321 duro,

36 1344 115 1371 non
147 1337 208 1370 est
237 1330 311 1369 hoc
344 1332 454 1370 satis:
485 1332 526 1369 in
558 1330 775 1369 Phalaridis
807 1336 920 1369 tauro
954 1332 987 1369 si
1019 1332 1114 1382 erit,
1150 1330 1270 1369 dicet:

1310 1327 1440 1381 ‘quam
1474 1341 1589 1368 suave

37 1389 118 1430 est!
157 1402 272 1441 quam
310 1389 383 1428 hoc
416 1401 495 1428 non
528 1386 662 1428 curo!'
725 1389 849 1428 Suave
883 1387 1028 1428 etiam?
1066 1401 1113 1428 au
1152 1401 1290 1440 parum
1330 1395 1406 1441 est,
1444 1389 1476 1426 si
1514 1400 1591 1426 non

37 1446 245 1488 amarum?
306 1448 355 1486 At
387 1448 425 1487 id
458 1448 614 1499 quidem
648 1448 702 1487 illi
732 1449 819 1501 ipsi,
852 1450 919 1499 qui
950 1448 1124 1487 dolorem
1157 1447 1300 1486 malum
1327 1460 1412 1486 esse
1440 1453 1594 1498 negant,

38 1520 115 1547 non
149 1507 275 1546 solent
306 1507 455 1559 dicere,
494 1509 675 1558 cuiquam
708 1519 825 1546 suave
866 1519 951 1546 esse
985 1508 1169 1546 cruciari:
1208 1519 1390 1558 asperum
1424 1505 1593 1557 difficile,

39 1567 217 1606 odiosum
244 1571 379 1605 contra
406 1572 585 1605 naturam
611 1566 758 1619 dicunt,
790 1578 862 1605 nee
890 1573 1019 1604 tamen
1047 1565 1201 1604 malum.
1258 1565 1341 1616 Hic,
1375 1566 1442 1616 qui
1468 1564 1592 1603 solum

38 1625 112 1664 hoc
144 1624 289 1663 malum
320 1624 414 1663 dicit
448 1630 486 1663 et
517 1625 708 1664 malorum
740 1626 913 1663 omnium
947 1630 1178 1676 extremum,
1210 1626 1426 1675 sapientem
1460 1629 1594 1662 censet

37 1683 77 1722 id
119 1695 235 1722 suave
277 1683 484 1722 dicturum.
546 1683 627 1734 Ego
669 1696 689 1722 a
730 1689 767 1722 te
808 1696 888 1722 uon
926 1683 1099 1735 postulo,
1143 1689 1186 1722 ut
1233 1683 1405 1721 dolorem
1445 1682 1592 1720 eisdem
1609 1691 1652 1722 18

39 1742 171 1781 verbis
203 1741 376 1794 adficias,
415 1741 558 1793 quibus
590 1742 804 1794 Epicurus,
843 1742 977 1794 homo,
1009 1748 1053 1780 ut
1085 1743 1179 1794 scis,
1211 1741 1463 1799 voluptarius

39 1879 99 1914 die
136 1877 241 1912 Ruhe
285 1878 349 1913 des
389 1878 540 1913 Gemiits
584 1878 782 1913 bewahren

38 1925 168 1967 wolle,
199 1928 318 1960 miisse
344 1925 544 1970 fiberzeugt
575 1925 669 1969 sein,
702 1926 781 1960 dass

38 1984 108 2007 nur
135 1972 192 2007 die
217 1972 405 2007 thorichte
424 1972 652 2018 Einbildung
671 1975 783 2007 unter

40 2019 112 2054 den
137 2018 306 2054 ausseren
333 2019 539 2054 Zusteinden
565 2020 671 2055 einen
691 2020 782 2055 Vor-

39 2078 110 2148 ffg
145 2077 187 2100 zu
224 2066 406 2102 erkennen
442 2066 587 2112 glaube.
639 2066 684 2101 de
720 2067 780 2101 fin.

102 2117 157 2157 13,
182 2116 240 2148 43.

91 2164 142 2196 16.
170 2161 210 2194 id
240 2161 335 2205 quod
362 2181 403 2185 —
431 2161 471 2194 in
502 2171 557 2203 eo,
593 2160 652 2195 ein
683 2161 780 2195 Ana·

38 2207 171 2242 koluth
210 2206 360 2242 ‘ahnlich
398 2207 480 2241 dem
519 2220 562 2242 zu
602 2212 639 2251 1,
666 2212 685 2242 3
718 2208 780 2242 be-

43 2255 280 2299 sproohenen.

87 2302 316 2346 oppositoque
339 2322 380 2325 —
405 2302 632 2346 depellerem,-
656 2300 780 2336 hierzu

41 2346 92 2383 ist
115 2352 156 2382 ut
182 2360 226 2382 zu
252 2351 452 2393 erganzem
478 2349 533 2383 als
561 2349 606 2383 ob
633 2359 780 2383 vorans-

42 2393 153 2440 ginge
178 2394 282 2429 nieht
306 2397 456 2440 respuit,
476 2395 634 2430 sondern
659 2396 779 2438 efficit.

173 2443 408 2477 Metrodorus
434 2455 460 2477 s.
487 2455 514 2477 z.
542 2447 575 2487 3,
602 2446 632 2477 8.
667 2441 779 2478 Clem.

42 2488 143 2524 Alex.
166 2490 290 2524 strom.
311 2489 345 2522 II
365 2501 400 2534 p.
416 2489 542 2524 417C:
570 2487 588 2523 ὁ
617 2488 658 2524 δὲ
682 2487 780 2524 Ἐπί-

42 2547 176 2580 κουρος
223 2536 348 2570 πᾶσαν
391 2534 510 2581 χαρὰν
554 2537 618 2580 τῆς
660 2537 783 2581 ψυχῆς

44 2584 162 2617 οἴεται
189 2579 251 2617 ἐπι
275 2582 578 2638 πρωτοπαθούσῃ
604 2584 647 2629 τῇ
675 2585 783 2639 σαρκι

42 2627 240 2685 γενέσθαι,
279 2625 300 2665 ὅ
334 2643 372 2664 τε
405 2628 656 2687 ,Μητρόδωρος
683 2627 781 2675 Ἀγα-

43 2673 119 2710 &dv
144 2676 235 2734 φησὶ
258 2678 383 2732 ψυχῆς
407 2679 445 2711 τί
467 2675 554 2712 ἄλλο
580 2674 602 2722 ἢ
628 2675 669 2712 τὸ
697 2690 781 2722 σαρ

43 2719 110 2763 κὸς
151 2721 336 2764 εὐσταθὲς
377 2722 594 2779 κατάστημα
640 2725 704 2759 καὶ
740 2723 781 2760 τὸ

44 2769 131 2812 περὶ
153 2783 290 2815 ταυτης
314 2770 445 2806 πιστὸν
473 2771 648 2817 ἔλπισμας

91 2817 183 2862 Kap.
212 2817 248 2852 7.
291 2818 500 2862 Epicurus:
539 2830 587 2854 an
624 2819 785 2854 anderen

33 2861 188 2898 ›Stellen
224 2864 351 2911 redehe
387 2876 425 2900 er
456 2865 618 2911 weniger
653 2867 784 2910 pathe-

1526 1740 1592 1779 Ille

854 1879 951 1913 bisch
964 1879 1054 1913 iiber
1065 1879 1123 1914 dje
1131 1878 1342 1924 Ertragung
1353 1878 1417 1913 des
1427 1878 1533 1913 Schm
1539 1888 1595 1912 er-

855 1937 913 1960 zes
955 1926 1030 1960 und
1073 1926 1204 1971 sprach
1244 1926 1322 1960 sich
1365 1924 1594 1960 namentlich

855 1983 974 2017 gegen
1035 1972 1094 2008 die
1149 1972 1464 2017 Gefuhnosigkeit
1518 1982 1593 2006 aus.

855 2020 961 2065 Diog.
988 2021 1021 2054 X
1048 2024 1115 2055 118
1148 2018 1209 2054 ὅτε
1243 2019 1370 2065 μέντοι
1403 2020 1593 2074 στρεβλοῦ-

855 2080 927 2109 tat,
955 2066 1052 2102 ἔνθα
1078 2068 1141 2101 καὶ
1168 2064 1275 2111 μύζει
1301 2080 1364 2101 και
1391 2063 1551 2111 οἰμώξει.

901 2116 934 2149 si
970 2119 1112 2149 sut-‚atur
1163 2114 1237 2148 Der
1267 2114 1455 2148 Nachsatz
1486 2113 1593 2148 sollte

854 2161 905 2195 im
943 2160 1107 2195 Infinitiv
1143 2161 1281 2205 folgen;
1333 2161 1425 2195 statt
1465 2160 1594 2194 dessen

853 2208 945 2242 wird
970 2208 1008 2242 in
1028 2208 1088 2242 die
1108 2208 1223 2243 oratio
1244 2210 1345 2243 recta
1363 2207 1594 2252 fibergegan-

853 2266 935 2300 gen.
986 2255 1053 2290 Die
1090 2255 1223 2299 Menge
1262 2255 1326 2289 der
1364 2254 1594 2289 dazwischen

853 2302 1112 2346 geschobenen
1151 2302 1300 2337 Glieder
1343 2301 1595 2345 entschuldigt

854 2350 917 2383 das
944 2349 1168 2384 Anakoluth.

904 2396 1097 2439 Phalaris,
1130 2397 1279 2441 Tyrann
1304 2407 1376 2431 von
1401 2395 1594 2441 Agrigent,

854 2443 893 2478 in
924 2444 988 2478 der
1020 2447 1092 2485 58„
1130 2444 1226 2478 nach
1263 2443 1424 2478 anderen
1461 2444 1498 2477 in
1531 2443 1597 2476 der

855 2494 910 2525 31.
940 2490 1177 2536 Olympiade,
1216 2491 1287 2525 soll
1319 2490 1418 2525 seine
1452 2490 1597 2534 Gegner

854 2538 893 2572 in
918 2537 1038 2572 einem
1064 2537 1224 2572 ehernen
1251 2537 1347 2572 Stier
1372 2536 1493 2572 haben
1513 2537 1595 2571 bra-

854 2588 919 2619 ten
966 2584 1089 2619 lassen
1138 2585 1213 2619 und
1265 2584 1345 2618 sich
1388 2595 1435 2618 an
1477 2584 1595 2618 ihren]

856 2631 1032 2667 Schreien
1057 2633 1201 2677 ergotzt
1224 2631 1357 2666 haben.

902 2680 1015 2714 solum
1046 2680 1110 2714 hoc
1141 2680 1277 2713 malum
1308 2679 1376 2713 cet.
1424 2677 1496 2711 ‘fur
1531 2676 1596 2710 das

856 2725 999 2771 einzige
1032 2727 1157 2761 wahre
1194 2719 1288 2761 U'bel
1324 2724 1398 2759 und
1436 2725 1494 2758 fur
1530 2723 1595 2757 das

854 2773 1009 2808 hochste
1037 2773 1130 2807 aller
1157 2773 1409 2817 sogenannten
1434 2764 1556 2805 ῘῗὺεΓ.

906 2823 958 2855 18.
985 2820 1227 2863 voluptarius,
1253 2819 1287 2854 d
1306 2818 1330 2852 i.
1351 2817 1596 2869 voluptatp'bus

856 2867 1014 2901 deditus.-
1031 2866 1103 2900 Das
1111 2865 1315 2911 Epitheton
1330 2865 1475 2900 enthalt
1488 2875 1596 2899 emen
