1790 3103
178 89 262 130 110
693 89 741 124 M.
770 88 929 124 TULLII
955 88 1210 124 CICERONIS

174 200 215 237 in
241 211 286 237 eo
314 197 427 250 libro,
448 210 564 249 quem
591 200 748 250 scripsit
768 199 815 237 de
836 201 912 237 vita
938 199 1061 250 beata,
1087 200 1126 237 in
1156 211 1232 249 quo
1260 198 1380 237 multa
1401 199 1585 252 disputat,
1612 213 1728 251 quam

175 256 223 294 ob
256 269 340 295 rem
372 258 424 308 is,
456 259 523 308 qui
554 262 803 309 torqueatur,
836 259 903 308 qui
935 259 1153 308 crucietur,
1194 256 1332 295 beatus
1364 269 1450 296 esse
1482 270 1560 296 non
1591 260 1726 310 possit.
1771 299 1773 304 ,

174 314 217 353 In
251 327 295 353 eo
329 317 445 355 etiam
483 321 643 366 putatur
682 316 831 367 dicere,
872 317 913 353 in
954 321 1079 354 rotam
1120 315 1272 353 beatam
1312 317 1430 354 vitam
1473 328 1551 355 non
1593 328 1727 356 escen-

174 373 278 412 dere.
340 373 425 412 Non
458 386 623 425 usquam
654 374 693 412 id
727 375 884 425 quidem
917 374 1010 412 dicit
1039 375 1216 425 omniun,
1248 373 1316 412 sed
1349 386 1447 425 quae
1480 374 1591 427 dicit,
1621 375 1727 414 idem

115 443 157 474 25
174 432 311 471 valent.
374 432 539 471 Possum
565 434 701 484 igitur,
734 435 798 471 cui
825 434 1089 471 concesserim
1120 434 1159 470 in
1192 432 1301 470 malis
1334 445 1419 471 esse
1453 433 1607 473 dolores
1639 446 1723 473 cor-

173 492 298 543 poris,
340 493 381 529 in
419 491 529 529 malis
569 492 768 542 naufragia
800 491 998 542 fortunae,
1042 491 1133 529 huic
1178 502 1413 529 succensere
1457 491 1603 531 dicenti
1645 504 1725 531 non
1788 525 1790 529 .

173 561 310 588 omnes
342 549 466 588 bonos
499 561 584 588 esse
618 549 769 600 beatos,
808 561 897 588 cum
935 551 974 587 in
1013 561 1149 588 omnes
1187 548 1312 588 bonos
1350 561 1412 601 ea,
1449 561 1547 600 quae
1585 550 1648 589 ille
1686 552 1727 589 in
1787 531 1790 585 l

172 607 282 646 malis
326 614 524 659 numerat,
569 607 707 646 cadere
751 605 933 658 possint?
993 607 1163 646 Vexatur
1208 608 1311 645 idem
1350 608 1643 659 Theophrastus
1688 615 1728 648 et
1788 609 1790 653 l

172 665 282 703 libris
316 671 354 704 et
387 665 530 704 scholis
569 667 743 704 omnium
782 665 1122 718 philosophorum,
1162 666 1265 716 quod
1303 667 1342 704 in
1381 666 1615 706 Callisthene
1655 678 1726 706 suo
1788 672 1790 718 ξ

172 723 338 762 laudarit
368 724 471 762 illam
505 726 738 763 senteutiam
1788 721 1790 762 Ι

532 794 658 834 I'e'lcim
690 798 797 844 reqit
823 795 1011 844 fortuna,
1043 808 1122 835 non
1153 795 1364 845 sapie'mist.

170 864 322 915 Negant
347 865 394 903 ab
420 865 498 904 ullo
526 865 756 916 philosopho
784 867 993 916 quicquam
1020 865 1168 904 dictum
1195 878 1280 904 esse
1310 865 1541 917 languidius.
1604 866 1723 906 Recte

171 923 208 961 id
243 924 419 975 quidem,
452 924 519 961 sed
553 923 648 961 nihil
680 924 864 974 intellego
897 923 973 962 dici
1010 925 1186 974 potuisse
1225 926 1478 963 constantius.
1543 924 1583 962 Si
1621 927 1726 963 enim

171 989 228 1020 tot
260 988 352 1020 sunt
382 984 422 1020 in
455 994 620 1032 corpore
653 981 771 1033 bona,
804 988 861 1020 tot
894 987 1003 1020 extra
1030 994 1173 1033 corpus
1206 983 1246 1020 in
1279 994 1371 1020 casu
1404 987 1520 1033 atque
1553 983 1722 1035 fortuna,

170 1052 299 1078 nonne
333 1047 641 1078 consentaneum
673 1046 734 1079 est
765 1040 852 1091 plus
883 1041 1096 1091 fortunam,
1130 1052 1228 1090 quae
1255 1040 1410 1079 domina
1436 1053 1570 1079 rerum
1604 1043 1654 1080 sit
1685 1047 1725 1081 et

170 1104 421 1137 externarum
467 1105 506 1137 et
550 1098 596 1136 ad
641 1110 785 1149 corpus
830 1100 1130 1150 pertinentium,
1178 1111 1292 1150 quam
1332 1099 1537 1138 consilium
1571 1097 1727 1139 valere?

110 1168 153 1199 ‘26
169 1158 226 1195 An
258 1157 452 1195 malumus
485 1156 700 1208 Epicurum
733 1155 905 1196 imitari?
947 1159 1013 1208 qui
1055 1157 1175 1196 multa
1214 1157 1413 1208 praeclare
1456 1170 1571 1209 saepe
1613 1158 1725 1211 dicit3

169 1228 284 1266 quam
331 1218 434 1254 enim
479 1216 553 1254 sibi
597 1222 823 1255 constanter
868 1217 1226 1267 convenienterque
1271 1216 1390 1268 dicat,
1438 1228 1515 1254 non
1562 1216 1723 1256 laborat.

167 1274 317 1313 Laudat
356 1281 515 1313 tenuem
556 1276 712 1313 victum.
775 1274 1001 1325 Philosophi
1045 1274 1082 1312 id
1129 1275 1302 1326 quidem,
1348 1275 1416 1313 sed
1462 1276 1494 1312 si
1540 1275 1722 1314 Socrates

168 1339 235 1372 aut
271 1333 524 1371 Antisthenes
563 1333 729 1385 diceret,
774 1346 852 1371 non
896 1335 947 1384 is,
992 1335 1058 1383 qui
1103 1334 1218 1371 finem
1260 1333 1454 1372 bonorum
1485 1333 1724 1385 voluptatem

168 1403 254 1430 esse
293 1391 446 1430 dixerit.
508 1391 631 1442 Negat
669 1404 905 1443 quemquam
944 1391 1115 1430 iucunde
1157 1404 1272 1442 posse
1312 1394 1459 1443 vivere,
1503 1394 1579 1431 nisi
1621 1392 1726 1431 idem

166 1450 350 1502 honeste,
383 1452 580 1500 sapienter
612 1452 792 1501 iusteque
826 1452 936 1488 vivat.
999 1450 1101 1488 Nihil
1141 1452 1313 1502 gravius,
1352 1450 1448 1488 nihil
1479 1450 1725 1501 philosophia

166 1508 340 1560 dignius,
373 1510 449 1547 nisi
480 1509 583 1547 idem
615 1509 689 1546 hoc
721 1511 849 1559 ipsum
875 1509 1057 1560 honeste,
1091 1510 1305 1560 sapienter,
1337 1510 1438 1547 iuste
1471 1508 1518 1546 ad
1549 1508 1723 1559 volupta-

165 1573 244 1605 tem
289 1567 467 1605 referret.
531 1567 632 1612 Quid
681 1567 820 1606 melius
861 1579 977 1618 quam
1021 1568 1217 1605 fortunam
1259 1569 1436 1618 exiguam
1480 1568 1718 1606 intervenire

982 1668 1014 1702 Χ
1049 1672 1113 1703 131
1152 1667 1216 1702 καὶ
1259 1665 1358 1724 μάζα
1401 1668 1465 1702 καὶ
1509 1664 1611 1726 ὕδωρ
1653 1665 1722 1711 τήν

981 1712 1201 1773 ἀκροτάτην
1256 1712 1503 1750 αποδιὸοῦσιν
1556 1712 1720 1771 ἡδονήν,

983 1760 1139 1796 ἐπειδὰν
1185 1758 1325 1796 ἐνδέων
1375 1776 1429 1802 τις
1473 1760 1570 1797 αὐτὰ
1614 1775 1720 1806 προς-

981 1808 1190 1853 ενέγκηται.

1027 1856 1274 1898 Antisthenes,
1324 1855 1509 1890 Sokrates'
1556 1855 1720 1900 Schfiler,

165 1679 205 1702 er
230 1669 367 1702 unnfitz
394 1667 464 1710 sei,
497 1668 556 1702 die
583 1668 766 1713 geistigen
793 1668 909 1703 Giiter

166 1715 254 1749 aber
286 1727 348 1749 um
382 1726 422 1750 so
453 1715 557 1749 mehr
590 1717 681 1749 wert
714 1716 833 1759 seien,
869 1716 907 1760 je

166 1761 309 1806 grosser
335 1762 388 1796 sie
414 1762 525 1797 seien.

211 1810 253 1843 in
278 1819 316 1843 eo
342 1809 453 1852 libro,
486 1809 539 1843 ‘in
564 1810 689 1855 Bezug
714 1809 804 1845 auf’.
855 1810 907 1844 HI

167 1860 227 1899 18,
254 1859 298 1890 39
319 1857 360 1890 in
379 1867 448 1900 quo
467 1857 552 1891 haec
572 1858 767 1891 admiratio
789 1857 905 1900 fiebat.

165 1884 247 1947 Vg⁷1
274 1903 324 1936 IV
351 1907 388 1946 7,
418 1907 471 1937 16

214 1953 310 1992 rota,
343 1930 488 1993 τρόχος,
524 1949 604 1984 eine
636 1950 675 1983 in
707 1949 906 1984 Griechen-

163 1996 252 2031 land
291 1996 555 2039 angewendete
593 1996 798 2040 Maschine,
844 1996 910 2030 auf

165 2043 306 2077 welche
335 2043 559 2078 Verurteilte
591 2043 799 2088 geflochten
832 2044 906 2077 und

163 2090 569 2135 herumgeschwungen
617 2091 784 2132 wurden,

164 2137 217 2171 sie
243 2149 325 2171 zum
351 2137 573 2172 Gest‘andnis
599 2149 641 2171 zu
668 2137 832 2181 bringen.

212 2185 375 2226 ommno,
398 2183 704 2227 ‘ausdrucklieh’‚
718 2185 787 2218 wie
802 2185 905 2218 sonst

164 2230 291 2275 hitufig
313 2232 422 2274 plane
448 2231 557 2265 steht.

212 2281 267 2313 25.
316 2278 476 2312 Veaeatur
500 2279 612 2312 idem:
649 2279 740 2312 statis
777 2278 905 2312 deinde

164 2324 248 2358 dem
273 2325 604 2369 vorhergehenden
632 2326 792 2368 primum
825 2326 904 2359 ent-

164 2371 385 2415 sprechend,
419 2384 444 2405 s.
477 2383 505 2405 z,
539 2371 554 2404 1
587 2376 645 2414 13,
673 2375 717 2406 30
743 2384 776 2406 u.
805 2371 820 2404 Ι
846 2375 904 2415 41,

164 2422 207 2452 97
233 2419 306 2452 sive
331 2438 376 2443 —
401 2419 460 2452 sin
484 2429 568 2452 vera
595 2422 690 2453 sunt.

210 2465 355 2507 scholis,
386 2464 610 2509 Vortriigen,
642 2461 902 2509 ὑπομνήματα.

212 2514 252 2546 in
273 2512 487 2547 Callisthene
504 2522 587 2553 suo,
614 2523 639 2546 s.
662 2524 690 2545 Z.
710 2512 759 2544 III
778 2516 830 2553 10,
847 2517 900 2546 21.

216 2558 335 2593 Vitam
350 2561 417 2593 cet.
444 2555 535 2602 τύχη
549 2556 594 2592 τὰ
614 2559 766 2601 θνητῶν
786 2557 902 2602 πράγ-

163 2602 264 2650 ματ’,
291 2603 359 2640 οὐκ
386 2602 571 2652 εὐβουλία.
605 2604 678 2639 Der
691 2605 782 2639 Vers
810 2606 902 2639 wird

162 2664 236 2687 von
279 2652 436 2687 Stobiius
475 2653 540 2687 ecl.
586 2652 601 2685 Ι
639 2664 672 2696 p.
715 2656 780 2686 196
819 2652 902 2686 dem

164 2698 369 2734 Charemon
389 2699 586 2744 beigelegt.
620 2698 751 2733 Nauck
770 2700 814 2733 tr.
836 2699 899 2733 rel.

161 2759 196 2791 p.
243 2750 320 2782 607.
377 2745 446 2780 Die
492 2747 648 2781 Sentenz
696 2746 784 2780 aber
827 2756 903 2779 war

164 2793 470 2838 sprichwortlieh.

211 2844 265 2875 26.
291 2841 442 2875 Laudat
461 2843 598 2874 tenuem
618 2841 767 2874 rictum.-
794 2839 900 2883 Diog.

843 2102 906 2124 um

980 1903 1045 1937 der
1072 1902 1201 1937 Stifter
1237 1903 1301 1937 der
1338 1902 1538 1947 cynischen
1572 1902 1718 1946 Schule,

980 1950 1140 1984 welcher
1171 1949 1237 1984 das
1262 1950 1514 1984 Wesentliehe
1549 1961 1621 1985 von
1656 1949 1719 1984 So-

979 1996 1114 2031 krates'
1135 1996 1251 2031 Lehre
1277 1997 1315 2030 in
1341 1997 1405 2030 der
1425 1997 1492 2031 auf
1508 1995 1717 2031 Bediirfnis-

979 2043 1156 2088 losigkeit
1187 2043 1423 2077 bernhenden
1456 2043 1719 2088 Unabh'angig-

979 2090 1057 2124 keit
1083 2090 1145 2124 des
1166 2089 1386 2124 Charakters
1405 2090 1481 2123 und
1505 2089 1545 2123 in
1564 2090 1628 2124 der
1648 2089 1716 2123 Zu-

978 2136 1203 2171 friedenheit
1228 2136 1304 2171 sah.

1025 2183 1146 2228 Neyat
1183 2186 1251 2218 cet.
1307 2182 1413 2240 Diog.
1458 2183 1491 2217 X
1536 2187 1601 2217 132
1647 2179 1717 2217 οὐκ

980 2228 1077 2265 ἔστιν
1109 2229 1230 2274 ἡδέως
1262 2230 1327 2274 ζῆν
1360 2228 1453 2264 ἄνευ
1489 2230 1554 2264 τοῦ
1591 2230 1718 2285 φρονί-

978 2290 1053 2321 μως
1078 2278 1143 2311 καὶ
1174 2277 1295 2316 καλῶς
1325 2277 1389 2311 καὶ
1421 2277 1593 2320 δικαίως,
1625 2273 1715 2311 nvos

978 2326 1168 2368 φρονίμως
1204 2323 1267 2358 καὶ
1305 2324 1424 2363 καλῶς
1461 2323 1526 2358 και
1563 2324 1717 2363 δικαίως

978 2369 1070 2406 ἄνευ
1097 2371 1162 2405 τοῦ
1190 2368 1321 2415 ἡδέως.

1024 2419 1073 2453 ad
1100 2419 1318 2462 voluptatem
1347 2418 1505 2461 referret.
1557 2416 1719 2451 Gerecht:

975 2465 1139 2499 handeln
1171 2465 1239 2499 soll
1270 2475 1357 2498 man
1385 2464 1426 2509 ja
1456 2464 1551 2498 nach
1576 2463 1718 2507 Epikur

975 2511 1080 2546 nicht
1113 2524 1176 2546 um
1201 2511 1266 2546 der
1291 2510 1572 2555 Gerechtigkeit
1595 2510 1716 2545 selber

976 2558 1118 2603 willen,
1151 2558 1308 2593 sondern
1339 2570 1407 2592 nur
1432 2557 1516 2592 weil
1540 2567 1627 2591 man
1652 2556 1715 2591 da-

974 2605 1090 2639 durch
1116 2605 1174 2640 die
1196 2605 1316 2639 Strafe
1342 2604 1417 2639 und
1443 2603 1513 2639 den
1537 2603 1626 2638 Hass
1651 2603 1716 2637 der

975 2651 1245 2686 Mitmenschen
1282 2652 1356 2686 und
1399 2651 1458 2685 die
1496 2650 1714 2696 Aufregung

975 2699 1039 2733 der
1066 2699 1169 2733 Seele
1195 2698 1406 2733 vermeidet.

1021 2746 1210 2788 fortunam
1246 2746 1414 2789 exiyuam
1450 2746 1598 2787 interv„
1629 2744 1663 2780 d.
1689 2743 1712 2779 i.

975 2793 1158 2827 machtlos
1197 2791 1249 2827 sei
1286 2792 1351 2826 das
1391 2791 1589 2836 Geschick,
1627 2790 1713 2825 wel-

975 2839 1060 2873 ches
1099 2840 1169 2874 den
1194 2838 1344 2873 NVeisen
1381 2838 1482 2874 trifft.
1534 2837 1641 2882 Diog.
1678 2836 1712 2870 X
