1790 3103
291 85 687 121 TUSCULANARUM
713 84 1111 121 DISPUTATIONUM
1141 88 1198 122 IV.
1230 91 1375 124 18-22,
1554 88 1606 129 61

51 200 115 235 est
146 194 241 233 haec
274 197 446 247 aurium,
485 194 580 234 tales
618 200 710 233 sunt
748 200 786 232 et
824 194 1028 232 oculorum
1068 202 1105 233 et
1145 198 1358 235 tactionum
1397 204 1436 236 et
1473 198 1608 236 odora-

53 255 206 294 tionum
247 259 286 292 et
327 266 528 305 saporum,
569 265 666 304 quae
711 258 801 291 sunt
842 264 977 290 omnes
1017 254 1133 290 unius
1173 257 1327 303 generis
1366 256 1411 294 ad
1451 257 1608 306 perfun-

52 311 226 351 dendum
271 313 443 351 animum
494 317 689 362 tamquam
742 310 1014 362 inliquefactae
1060 310 1288 361 voluptates
1352 314 1508 352 lactatio
1552 321 1611 353 est

51 370 229 421 voluptas
262 371 435 422 gestiens
474 376 513 408 et
551 382 592 408 sc
632 370 798 408 efferens
838 368 1082 407 insolentius.
1146 369 1252 414 Quae
1291 377 1421 410 autem
1459 372 1609 411 libidini

51 427 230 468 subiecta
263 434 371 480 sunt,
410 441 454 467 ea
487 430 542 467 sic
576 428 834 478 definiuntur,
874 432 917 466 ut
948 428 1005 465 ira
1038 428 1088 465 sit
1120 427 1238 466 libido
1271 430 1480 479 poeniendi
1513 433 1610 483 eins,

52 488 122 538 qui
153 486 331 525 videatur
364 487 522 525 laesisse
556 488 715 536 iniuria,
754 485 1078 524 excandescentia
1111 491 1240 524 autem
1273 488 1323 525 sit
1356 488 1412 525 ira
1446 500 1610 527 nascens

53 550 94 584 et
125 544 240 583 modo
274 547 483 596 exsistens,
523 557 621 596 quae
659 539 864 596 θύμωσις
902 543 1047 582 Graece
1087 544 1248 596 dicitur,
1287 545 1421 584 odium
1460 547 1515 583 ira
1555 548 1610 584 in-

53 608 243 655 veterata,
283 605 485 643 inimicitia
517 605 573 642 ira
606 602 820 641 ulciscendi
860 608 1014 654 tempus
1052 602 1283 655 observans,
1321 603 1517 642 discordia
1555 606 1611 642 ira

51 661 232 701 acerbior
264 662 352 701 odio
386 668 424 701 et
456 663 592 700 intimo
626 661 744 699 corde
783 666 991 713 concepta,
1030 661 1241 712 indigentia
1282 661 1400 700 libido
1440 662 1610 714 inexple-

52 719 159 773 bilis,
192 719 432 759 desiderium
464 720 581 758 libido
622 721 724 771 eius,
764 721 831 771 qui
870 719 1043 758 nondum
1082 720 1199 772 adsit,
1240 720 1406 759 videndi.
1470 721 1611 760 Distin-

21 785 179 830 =guunt
212 778 304 817 illud
339 780 472 830 etiam,
511 784 554 816 ut
591 777 712 816 libido
752 780 802 817 sit
840 790 974 817 earum
1014 790 1164 829 rerum,
1204 791 1301 829 quae
1341 779 1526 818 dicuntur
1565 780 1611 818 de

51 836 222 888 quodam
260 842 327 875 aut
366 836 618 888 quibusdam,
660 848 758 887 quae
796 832 1134 888 κατηγορήματα
1173 837 1367 876 dialectici
1405 838 1613 889 appellant,

52 900 97 934 ut
128 894 272 934 habere
306 895 474 946 divitias,
512 907 651 946 capere
684 895 872 947 honores,
912 895 1124 946 indigentia
1164 908 1298 935 rerum
1338 898 1512 947 ipsarum
1551 898 1612 948 sit,

52 958 97 993 ut
128 953 341 1006 honorum,
375 959 417 992 ut
449 955 649 1005 pecuniae.
714 953 896 992 Omnium
930 960 1059 992 autem
1093 954 1435 1005 perturbationum
1465 956 1611 993 fontem

50 1024 139 1051 esse
173 1012 310 1051 dicunt
347 1014 706 1064 intemperantiam,
745 1025 842 1063 quae
883 1018 942 1051 est
979 1024 1000 1051 a
1039 1018 1117 1051 tota
1157 1019 1287 1052 mente
1328 1012 1367 1063 [a
1408 1020 1513 1052 recta
1553 1026 1612 1051 ra-

52 1069 177 1120 tione]
212 1070 380 1109 desectio
413 1072 468 1109 sic
502 1083 635 1110 aversa
669 1083 689 1109 a
722 1072 1031 1122 praescriptione
1065 1073 1244 1123 rationis,
1284 1078 1327 1110 ut
1360 1072 1465 1110 nullo
1500 1072 1613 1111 modo

51 1128 313 1180 adpetitiones
340 1131 459 1168 animi
486 1142 557 1168 nec
584 1131 668 1180 regi
695 1142 767 1168 nec
794 1131 988 1168 contineri
1016 1136 1170 1180 queant.
1228 1130 1354 1176 Quem
1381 1130 1427 1169 ad
1454 1131 1613 1169 modum

52 1188 174 1237 igitur
206 1189 465 1239 temperantia
498 1187 607 1226 sedat
634 1188 894 1239 adpetitiones
927 1194 966 1227 et
998 1188 1119 1226 efficit
1146 1194 1188 1227 ut
1218 1201 1285 1227 eae
1313 1195 1443 1227 rectae
1471 1191 1614 1227 rationi

50 1251 215 1297 pareant
247 1251 532 1297 conservatque
565 1246 810 1285 considerata
850 1246 993 1285 iudicia
1033 1249 1193 1298 mentis,
1232 1248 1288 1286 sic
1328 1247 1418 1286 huic
1456 1249 1613 1286 inimica

51 1305 353 1356 intemperantia
390 1317 546 1343 omnem
585 1306 703 1343 animi
741 1310 886 1343 statum
925 1305 1154 1357 inflammat,
1194 1305 1420 1357 conturbat,
1460 1307 1613 1358 incitat3

51 1440 93 1465 so
120 1440 192 1474 eng
217 1441 260 1463 zu
286 1429 424 1471 fassen,
462 1429 500 1464 in
527 1429 611 1464 dem
638 1428 731 1474 Folg
733 1440 795 1464 en-

53 1476 125 1512 den
150 1475 336 1511 erweitert
362 1487 401 1511 er
425 1476 491 1511 ihn
517 1476 625 1512 dann.

869 1429 950 1473 anf,
986 1429 1065 1464 dass
1101 1430 1179 1464 sich
1214 1431 1327 1465 libido
1353 1430 1419 1465 auf
1441 1430 1499 1465 die
1527 1430 1614 1465 Pra-

870 1476 1014 1518 dikate,
1051 1477 1257 1521 indiyentia
1295 1477 1362 1511 auf
1396 1477 1454 1511 die
1494 1477 1614 1523 Dinge

870 1534 916 1558 an
943 1523 1022 1557 sich
1052 1523 1208 1558 bezieht.
1259 1524 1346 1559 Man
1384 1524 1502 1559 strebt
1539 1524 1614 1559 und

870 1570 1041 1615 verlangt
1084 1571 1180 1606 nach
1225 1571 1309 1606 dem
1354 1571 1506 1605 Besitz
1549 1571 1614 1605 des

870 1616 1102 1661 Resthtums,
1147 1617 1243 1652 nach
1287 1618 1372 1653 dem
1415 1618 1614 1653 Gesund-

872 1663 985 1708 sein,
1031 1664 1200 1709 dagegen
1238 1665 1491 1709 gebraucht
1528 1676 1615 1699 man

870 1710 945 1745 und
959 1711 1093 1745 bedarf
1103 1723 1186 1745 zum
1195 1711 1390 1747 Gebrauch
1405 1712 1473 1746 den
1483 1711 1614 1746 Reich-

870 1759 949 1792 tum
975 1757 1100 1792 selbst.
1152 1758 1193 1792 In
1220 1758 1341 1793 dieser
1366 1759 1521 1793 zweiten
1541 1758 1614 1793 Un—

869 1804 1134 1849 terseheidung
1165 1805 1260 1848 also,
1300 1817 1355 1840 wo
1389 1805 1469 1839 sich
1502 1806 1614 1841 libido

102 1538 158 1569 21
184 1535 263 1569 ira:
297 1533 402 1579 Diog
431 1534 592 1569 V11113
625 1532 716 1579 ὀργὴ
754 1535 795 1570 δὲ

54 1578 241 1638 ἐπιθυμία
279 1584 457 1637 τιμωριας
491 1582 557 1616 τοῦ
593 1582 797 1623 δοκοῦντος

52 1624 275 1673 ἠδικηκέναι
301 1625 346 1662 οὗ
372 1625 640 1673 προςηκόντως.

100 1683 154 1721 θύ
157 1698 281 1731 μ.ωσις
342 1687 383 1721 In
433 1697 588 1722 unseren
637 1687 796 1732 griechi-

53 1700 182 1768 schenp
201 1732 357 1775 Queuen
397 1735 498 1769 steht
535 1734 628 1769 statt
666 1734 797 1769 dessen

53 1777 195 1824 θυμός,
230 1792 306 1815 was
342 1781 396 1816 als
433 1778 525 1826 ὀργὴ
558 1777 796 1826 ἄναρχομένη

54 1826 226 1862 definiert
250 1828 352 1862 wird.

96 1874 240 1909 odium.-
265 1874 426 1910 Andron.
449 1874 568 1910 Rhod.
590 1875 612 1909 l.
635 1886 664 1910 c.
687 1875 797 1919 μῆνις

53 1917 145 1965 ὀργὴ
174 1919 227 1961 εἰς
252 1923 460 1957 παλαίωσιν
487 1919 757 1967 αποτιθεμένη.

101 1979 316 2022 inimicitia,
341 1977 450 2019 κότος
477 1979 518 2015 δὲ
546 1977 635 2025 ὀργὴ
664 1979 797 2025 καιρὸν

51 2021 306 2071 οἷποτηροῦσα.

101 2085 316 2130 indiqentia.
355 2084 552 2143 Diog.l.1.
578 2089 643 2120 113
665 2082 798 2125 σπάνις

55 2127 259 2189 ἐπιθυμία
267 2145 322 2172 τις
347 2129 388 2167 ἐν
408 2129 610 2174 ἀποτεύξει
630 2132 694 2167 καὶ
717 2132 798 2168 οἷον

54 2177 306 2236 κεχωρισμένη
336 2175 376 2213 ἐκ
396 2179 462 2214 τοῦ
483 2191 510 2213 π
535 2177 712 2236 άγματος,
742 2192 798 2214 τε-

52 2223 195 2282 ταμένη
234 2223 275 2260 δὲ
302 2226 480 2270 διακενῆς
533 2224 575 2260 π’
609 2223 702 2261 αυτὸ
736 2227 800 2260 καὶ

55 2271 242 2317 σπωμένη.

98 2319 332 2354 desiderium:
366 2319 528 2354 Andron
555 2319 673 2354 Rhod.
708 2320 731 2354 l.
765 2331 795 2354 e.

51 2365 177 2423 ἵμερος
204 2364 245 2401 δὲ
274 2362 460 2411 ἐπιθυμία
486 2367 598 2410 (pilon
632 2363 797 2407 ἀπόντος

52 2409 71 2448 ὁ
76 2413 208 2457 μ.ιλίας
230 2433 273 2438 -
295 2412 400 2448 Aueh
428 2413 507 2448 hier
532 2413 600 2448 hat
619 2414 679 2448 die
700 2413 794 2459 grie-

52 2459 200 2495 chische
227 2459 358 2501 Quelle
392 2458 465 2495 Cic.
499 2460 692 2505 verleitet,
726 2461 797 2496 den

52 2505 117 2541 lat.
153 2506 348 2541 Ausdruck
387 2519 431 2541 zu
470 2517 542 2552 eng
579 2519 622 2541 zu
658 2507 795 2551 fassen,

53 2551 151 2588 denn
179 2554 396 2588 desiderium
433 2553 650 2589 bezeichnet
688 2555 796 2590 iiber-

53 2599 173 2645 haupt.
206 2600 266 2635 die
299 2599 509 2635 Sehnsucht
546 2601 644 2636 nach
681 2602 796 2636 etwas

55 2645 115 2681 fiir
145 2658 214 2682 uns
246 2647 496 2690 wertvollem,
531 2648 598 2683 das
634 2648 701 2682 wir
734 2648 797 2684 be-

55 2692 178 2774 sagsen
215 2694 291 2728 und
335 2706 410 2729 nun
454 2694 557 2729 nicht
594 2695 699 2729 mehr
735 2695 796 2730 be-

56 2750 88 2774 sl
108 2751 184 2775 zen.

104 2786 350 2833 Distinyuunt
375 2788 471 2824 illud
499 2789 624 2831 etiam,
656 2792 696 2823 ut
728 2791 794 2825 cet.

57 2831 119 2868 Sie
139 2833 272 2869 stellen
291 2836 386 2870 auch
407 2835 466 2871 die
478 2835 798 2881 Unterscheidung

870 1852 945 1886 und
971 1852 1177 1896 indiyentia
1206 1852 1271 1887 wie
1298 1852 1510 1897 Verlangen
1538 1853 1614 1887 und

870 1897 1065 1933 Bedfirfnis
1087 1899 1422 1944 entgegenstehen‚
1447 1900 1498 1933 ist
1516 1900 1613 1934 indi-

869 1946 992 1990 yentia
1029 1945 1139 1980 keine
1174 1946 1349 1981 Unterart
1386 1946 1451 1981 der
1489 1947 1614 1989 libido,

871 1992 1027 2027 sondern
1065 1993 1165 2027 steht-
1206 1993 1245 2028 in
1282 1993 1402 2028 seiner
1439 1993 1614 2038 gewohn-

870 2039 994 2074 lichen
1019 2038 1250 2085 Bedeutung.
1302 2040 1336 2076 S.
1365 2053 1394 2074 z.
1422 2044 1454 2083 7,
1483 2045 1536 2075 16.

919 2090 975 2121 22.
1002 2087 1329 2131 intemperantiam.
1360 2087 1428 2121 Die
1443 2086 1614 2131 Aufgabe

871 2133 936 2168 der
962 2134 1199 2178 temperantia
1231 2134 1295 2175 ist,
1328 2133 1386 2168 die
1413 2133 1545 2169 Triebe
1578 2134 1615 2168 in

873 2179 1078 2215 Gehorsam
1113 2191 1234 2225 gegen
1267 2181 1326 2216 die
1354 2181 1536 2215 Vernunft
1572 2193 1614 2215 zu

874 2227 1051 2262 erhalten.
1104 2227 1206 2262 Stob.
1234 2227 1301 2263 ecl
1328 2227 1361 2261 Π
1387 2240 1421 2272 p
1452 2232 1517 2262 112
1545 2229 1616 2286 τῆς

873 2271 1116 2328 σωφροσύνης
1154 2275 1253 2310 ἴδιον
1291 2273 1524 2332 κεωφάλαιόν
1538 2271 1615 2310 ἔστι

870 2317 910 2356 τὸ
947 2319 1182 2365 παρέχεσθαι
1220 2319 1288 2362 τὰς
1318 2319 1445 2378 ὁρμας
1484 2318 1615 2356 εὐστα-

869 2369 956 2407 θεῖς
990 2367 1054 2402 καὶ
1085 2370 1248 2412 θεωρεῖν
1280 2365 1399 2409 αὐτὰς
1431 2381 1615 2413 προηγοῑ-

870 2412 1001 2459 μένως.
1050 2413 1134 2460 Vgl.
1156 2415 1227 2451 Cic.
1250 2415 1295 2451 de
1315 2415 1374 2452 off.
1403 2416 1500 2472 129,
1531 2420 1612 2458 102;

870 2461 947 2496 also
986 2461 1044 2497 die
1082 2463 1381 2507 intemperantia,
1419 2459 1613 2506 ἀκράτεια,

870 2507 920 2543 ist
940 2508 1004 2543 der
1024 2510 1513 2555 entgegengesetzte‚alle11·
1531 2509 1613 2544 Lei-

871 2555 1110 2591 denschaften
1161 2569 1204 2591 zu
1250 2556 1397 2592 Grunde
1441 2556 1613 2602 liegende

871 2602 1032 2637 Zustand
1058 2603 1122 2638 der
1148 2604 1265 2639 Seele.

917 2650 1146 2685 considerata
1187 2652 1329 2690 indicia
1373 2651 1517 2685 mentis:
1562 2650 1613 2683 sie

871 2696 1002 2731 stehen
1028 2697 1099 2731 den
1126 2697 1193 2732 auf
1214 2697 1315 2733 einer
1346 2697 1524 2732 imbecilla
1556 2707 1612 2730 as-

868 2744 985 2778 sensio
1018 2743 1257 2779 beruhenden
1283 2743 1449 2779 Urteilen
1475 2745 1523 2787 (7,
1554 2744 1610 2786 14)

870 2792 1071 2835 entgegen,
1117 2791 1255 2825 welche
1301 2791 1359 2824 die
1398 2789 1611 2834 Grundlage

871 2836 935 2871 der
960 2836 1269 2872 Leidenschaften
1295 2836 1432 2872 bilden.

1626 381 1666 410 21

1628 963 1672 993 22
