1790 3103
161 86 245 127 100
676 85 726 121 M.
751 85 914 120 TULLII
940 84 1195 120 CICERONIS

159 198 199 235 in
231 196 429 233 hominem
461 200 645 245 possunt,
678 194 814 234 subter
847 207 888 233 se
920 194 1038 233 habet
1069 206 1191 245 eaque
1225 195 1446 246 despiciens
1477 207 1590 235 casus
1622 207 1712 234 con-

160 255 299 293 temnit
342 253 551 304 humanos,
595 252 786 304 culpaque
832 255 938 291 omni
982 264 1120 291 carens
1164 260 1321 303 praeter
1367 265 1408 292 se
1452 255 1575 305 ipsam
1619 253 1715 292 nihil
1767 251 1775 296 ’ξ

772 311 851 350 Nos
884 317 1014 349 autem
1045 313 1175 349 omnia
1206 312 1367 350 adversa
1399 323 1490 350 cum
1521 313 1714 352 venientia
1754 331 1756 333 >

160 318 296 351 censet
333 312 380 351 ad
419 324 459 350 se
498 313 711 363 pertinere.

161 377 267 409 metu
300 377 487 421 augentes
519 376 604 409 tum
636 382 813 409 maerore
846 371 1066 421 praesentia
1099 382 1232 408 rerum
1262 376 1441 409 naturam
1467 382 1583 421 quam
1610 382 1715 409 erro-

160 441 245 468 rem
276 436 455 468 nostrum
488 429 671 467 damnare
704 428 908 467 malumus.

119 463 146 568 Ξ
281 487 358 526 Sed
403 494 440 526 et
480 488 598 526 huius
639 486 776 537 eulpae
818 492 857 525 et
898 492 1121 525 ceterorum
1161 487 1346 525 vitiorum
1386 493 1715 538 peccatorumque
1775 468 1777 506 Ῐ

120 552 388 599 ,nostrorum
433 547 559 584 omnis
607 557 626 583 a
671 544 916 596 philosophia
960 544 1129 595 petenda
1172 547 1366 584 correctio
1404 551 1481 585 est:
1526 547 1639 584 cuius
1677 547 1718 584 in

160 607 290 644 sinum
323 616 412 643 cum
445 616 465 642 a
492 605 629 654 primis
656 603 901 654 temporibus
927 604 1064 642 aetatis
1096 609 1231 642 nostra
1256 603 1435 642 voluntas
1465 604 1717 655 studiumque

109 659 116 697 ἔ
161 676 231 702 nos
264 663 517 714 conpulisset,
550 661 611 700 his
643 663 883 712 gravissimis
916 661 1071 701 casibus
1103 663 1143 700 in
1170 662 1339 701 eundem
1365 668 1536 715 portum,
1568 674 1614 701 ex
1641 675 1718 714 quo
1777 655 1779 662 '

110 744 114 761 ς
160 734 316 760 eramus
350 722 510 772 egressi,
542 732 680 771 magna
711 722 843 759 iactati
873 726 1105 771 tempestate
1139 721 1399 772 confugimus.
1452 720 1483 759 Ο
1510 723 1610 760 vitae
1635 721 1718 772 phi-

110 781 114 831 ξ
160 780 336 831 losophia
368 779 458 832 dux,
490 792 512 817 ο
545 780 701 818 virtutis
733 778 952 830 indagatrix
983 778 1258 830 expultrixque
1285 778 1489 818 vitiorum!
1521 779 1613 830 quid
1641 791 1719 818 non

110 840 115 896 ξ
162 838 276 877 modo
309 850 398 891 nos,
438 838 506 877 sed
539 839 696 876 omnino
729 839 806 876 vita
838 838 1040 876 hominum
1073 839 1156 876 sine
1189 844 1226 876 te
1259 850 1347 876 esse
1379 835 1604 889 potuisset?
1659 837 1720 876 Tu

112 897 119 950 ξ
161 897 281 936 urbes
313 898 522 948 peperisti,
561 902 604 935 tu
643 896 851 947 dissipatos
888 896 1069 935 homines
1107 898 1146 934 in
1186 898 1414 935 societatem
1445 898 1546 936 vitae
1579 908 1719 935 convo-

112 956 119 1038 }
162 958 272 1007 casti,
306 963 347 994 tu
382 968 448 993 eos
480 957 584 994 inter
617 967 657 992 se
690 956 817 1005 primo
850 954 1067 1006 domiciliis,
1100 954 1240 993 deinde
1273 956 1478 1007 coniugiis,
1509 961 1593 993 tum
1618 955 1719 994 litte-

108 1040 113 1060 ,
161 1026 295 1052 rarum
340 1019 380 1052 et
422 1025 562 1052 vocum
609 1014 884 1051 communione
928 1014 1109 1064 iunxisti,
1158 1019 1201 1051 tu
1244 1014 1440 1052 inventrix
1483 1012 1631 1065 legum,
1677 1019 1721 1052 tu

106 1061 110 1148 ε
160 1073 346 1122 magistra
390 1084 545 1110 morum
590 1077 630 1110 et
673 1071 900 1122 disciplinae
946 1071 1066 1110 fuisti.
1128 1071 1185 1109 Ad
1228 1077 1266 1110 te
1311 1072 1578 1123 confugimus,
1622 1083 1644 1110 a
1681 1077 1720 1110 te

107 1149 110 1184 1

160 1143 275 1181 opem
300 1132 486 1182 petimus,
518 1130 589 1169 tibi
615 1142 699 1182 nos,
731 1135 775 1168 ut
801 1135 914 1168 antea
940 1141 1079 1180 magna
1111 1142 1157 1168 ex
1189 1136 1312 1182 parte,
1344 1131 1401 1169 sic
1430 1142 1536 1169 nunc
1562 1131 1721 1181 penitus
1763 1150 1768 1155 ·

161 1195 344 1240 totosque
384 1189 586 1228 tradimus.
648 1189 719 1227 Est
757 1194 889 1227 autem
927 1200 1030 1227 unus
1071 1188 1154 1227 dies
1195 1188 1295 1227 bene
1337 1194 1376 1227 et
1413 1200 1460 1228 ex
1500 1190 1721 1240 praeceptis

160 1250 238 1286 tuis
271 1254 382 1287 actus
414 1249 593 1299 peccanti
625 1247 895 1286 inmortalitati
926 1247 1234 1298 anteponendus.
1286 1247 1406 1286 Cuius
1437 1248 1558 1298 igitur
1590 1248 1721 1298 potius

160 1306 302 1357 opibus
346 1312 504 1346 utamur
551 1318 666 1357 quam
711 1307 807 1357 tuis,
852 1318 951 1356 quae
996 1312 1035 1344 et
1076 1307 1173 1344 vitae
1219 1305 1541 1356 tranquillitatem
1585 1305 1723 1356 largita

128 1365 276 1407 6nobis
316 1378 358 1403 es
397 1371 437 1404 et
475 1372 669 1404 terrorem
713 1366 852 1403 mortis
897 1362 1118 1403 sustulisti?
1179 1364 1233 1403 Ac
1277 1364 1521 1415 philosophia
1563 1363 1721 1415 quidem
1779 1374 1790 1425 ’ἐ

164 1429 316 1462 tantum
349 1423 458 1462 abest
490 1429 534 1462 ut
566 1423 729 1474 proinde
762 1435 806 1461 ac
839 1422 886 1461 de
918 1423 1121 1460 hominum
1159 1429 1219 1461 est
1250 1425 1327 1461 vita
1359 1424 1498 1461 merita
1530 1422 1723 1474 laudetur,

163 1488 206 1520 ut
250 1495 269 1520 a
311 1482 509 1533 plerisque
553 1482 730 1532 neglecta
774 1494 795 1519 a
836 1481 969 1520 multis
1014 1482 1131 1519 etiam
1172 1483 1429 1532 vituperetur.
1490 1480 1721 1532 vituperare

164 1542 372 1591 quisquam
404 1542 504 1579 vitae
544 1545 748 1591 parentem
786 1545 825 1578 et
862 1540 936 1578 hoc
974 1539 1184 1590 parricidio
1223 1552 1264 1578 se
1296 1541 1503 1590 inquinare
1535 1539 1653 1578 audet
1684 1545 1724 1578 et

162 1606 241 1638 tam
283 1600 388 1650 inpie
430 1601 607 1649 ingratus
649 1611 753 1650 esse,
798 1604 842 1637 ut
884 1610 968 1636 eam
1007 1605 1182 1651 accuset,
1228 1610 1344 1649 quam
1382 1599 1511 1637 vereri
1548 1597 1722 1650 deberet,

164 1658 280 1696 etiam
313 1659 346 1696 si
379 1659 508 1696 minus
540 1658 744 1708 percipere
776 1654 998 1708 potuisset?
1055 1656 1148 1709 Sed,
1181 1662 1224 1695 ut
1256 1659 1412 1708 opinor,
1444 1656 1507 1696 hic
1540 1669 1652 1695 error
1683 1662 1723 1695 et

162 1716 259 1755 haec
297 1716 548 1755 indoctorum
587 1717 726 1754 animis
759 1717 882 1754 offusa
921 1715 1043 1766 caligo
1081 1721 1158 1767 est,
1200 1715 1304 1766 quod
1342 1723 1420 1754 tam
1457 1715 1572 1766 longe
1612 1721 1719 1754 retro

209 1853 390 1888 venientia
429 1870 472 1881 =
510 1853 650 1895 futura.
702 1852 753 1886 III
787 1856 825 1896 7,
866 1856 908 1886 14

167 1900 332 1944 Quarum
375 1911 495 1934 rerum
533 1900 743 1943 praesentia
784 1909 909 1934 sumus

163 1948 205 1981 in
243 1947 488 1990 aeyritudz'ne,
526 1947 664 1981 easdem
696 1966 740 1971 —
767 1947 907 1981 venien-

161 1997 212 2028 tes
237 1994 409 2028 timemus.

211 2039 302 2084 Kap.
330 2040 368 2075 2.
413 2044 445 2074 5.
479 2051 501 2074 α
521 2039 655 2084 primis
680 2040 907 2085 temporibus,

163 2052 292 2121 Uberp
307 2087 407 2121 diese
447 2086 602 2120 Studien
646 2086 709 2120 des
748 2087 905 2131 jugend-

162 2133 287 2168 lichen
313 2133 439 2168 Cicero
466 2145 492 2168 s.
519 2132 615 2167 Einl.
644 2137 662 2175 ξ
692 2137 746 2167 12.

210 2181 298 2225 quid
313 2201 355 2206 —-
370 2191 441 2216 esse
458 2181 653 2223 potu·zsset;
674 2180 732 2214 d.
723 2192 746 2214 1.
769 2179 807 2214 in
822 2180 907 2214 wel-

162 2228 269 2262 ehem
297 2227 480 2261 Zustande
501 2229 588 2269 etc.;
616 2227 685 2260 wie
704 2238 790 2261 man
810 2227 906 2261 auch

164 2275 249 2318 sagt
274 2275 368 2308 nihil
392 2285 481 2309 sum.
530 2274 577 2308 ad
602 2274 713 2308 Attio.
736 2274 786 2308 III
810 2278 864 2316 15,
885 2277 905 2307 2

162 2322 251 2364 quid
276 2322 370 2355 euim
398 2320 504 2355 sum?
554 2321 626 2355 Wo
653 2321 821 2365 dagegen
848 2321 906 2354 die

162 2367 303 2402 Person
336 2366 450 2402 allein
482 2367 779 2411 berticksiehtigt
804 2367 906 2410 wird,

164 2414 265 2449 steht
294 2415 368 2459 qui.
420 2414 466 2448 ad
492 2414 577 2447 fam.
606 2414 672 2447 VII
699 2418 754 2458 23,
784 2418 800 2448 1
835 2415 907 2457 fae,

163 2462 227 2506 qui
252 2472 313 2505 eqo
337 2472 428 2503 sum,
454 2471 524 2495 esse
548 2464 590 2495 te.

211 2512 252 2543 tu
283 2509 388 2543 urbes
415 2508 607 2551 peperisti:
644 2507 688 2542 de
716 2509 805 2542 orat.
834 2508 848 2541 Ι
874 2512 906 2551 8,

165 2559 208 2589 32
229 2555 253 2589 f.
281 2555 355 2589 und
381 2555 426 2589 de
455 2555 528 2589 inv.
555 2554 570 2587 Ι
597 2558 629 2598 2,
656 2557 676 2588 2
703 2553 794 2588 wird
827 2554 907 2589 das-

166 2601 267 2636 selbe
299 2601 498 2636 Verdienst
533 2601 598 2635 der
629 2601 908 2636 Beredsamkeit

166 2648 365 2692 beigelegt.
402 2648 471 2683 Die
496 2648 653 2683 Ansicht
678 2647 822 2682 scheint
847 2660 906 2682 zu-

165 2695 422 2739 riickzngehen
442 2695 507 2729 auf
524 2695 594 2729 den
612 2693 823 2739 Ausspruch
844 2695 906 2729 des

165 2742 396 2785 Posidonius,
423 2741 502 2776 dass
529 2741 581 2775 im
606 2741 790 2786 goldenen
814 2741 908 2776 Zeit-

166 2789 261 2823 alter
298 2789 357 2823 die
394 2788 544 2823 Weisen
580 2788 797 2833 geherrscht
833 2788 909 2822 und

166 2835 218 2870 sie
244 2835 303 2870 die
331 2835 484 2871 Gesetze
510 2836 677 2881 gegeben
702 2835 778 2870 und
804 2834 907 2870 Staa-

980 1853 1044 1887 ten
1063 1851 1270 1896 gegriindet
1289 1851 1420 1887 haben.
1456 1851 1540 1896 Vgl.
1562 1850 1643 1886 Sen.
1664 1861 1721 1897 ep.

1030 1947 1231 1980 litterarum
1257 1949 1288 1980 et
1313 1956 1455 1988 vocum,
1482 1944 1621 1980 Schrift
1645 1944 1722 1979 und

981 1992 1194 2027 miindliche
1220 1992 1331 2026 Rede.

1028 2043 1077 2074 est
1103 2043 1221 2074 autem
1246 2049 1343 2073 unus
1367 2040 1443 2073 dies
1469 2040 1536 2074 cet.
1569 2037 1722 2074 Posido-

980 2085 1061 2120 nius
1099 2086 1194 2120 nach
1233 2085 1314 2120 Sen.
1348 2096 1403 2130 ep.
1438 2089 1498 2127 78,
1537 2088 1581 2119 28
1621 2087 1721 2130 sagb:

979 2144 1076 2167 unus
1095 2134 1170 2167 dies
1189 2133 1373 2167 hominum
1393 2133 1617 2167 eruditorum
1634 2133 1722 2176 plus

973 2183 1076 2224 patet
1125 2191 1232 2224 quam
1281 2180 1458 2223 imperztis
1513 2179 1723 2224 lonyissima

979 2231 1089 2261 aetas.
1140 2227 1171 2260 V
1175 2226 1223 2270 gl.
1251 2226 1359 2261 Philo
1387 2225 1475 2268 Quis
1500 2237 1622 2260 rerum
1647 2225 1721 2261 div.

979 2274 1055 2307 her.
1070 2286 1113 2324 p.
1121 2277 1187 2308 552
1213 2274 1319 2307 ,Μίαν
1345 2270 1424 2329 γὰρ
1442 2271 1586 2328 ἡμέραν
1605 2269 1720 2316 ὑγιει-

979 2321 1051 2360 νῶς
1077 2318 1157 2355 εἷπε
1178 2317 1372 2376 προφήτης
1402 2316 1498 2375 ἀνὴρ
1519 2316 1723 2378 βούλεσθαι
1780 2354 1790 2361 Η

981 2367 1136 2425 βιῶναι
1148 2364 1239 2411 μετὰ
1276 2364 1411 2421 ἀρετῆς
1448 2363 1470 2410 ἢ
1507 2367 1619 2421 μυρία
1659 2364 1722 2410 ἔτη
1780 2372 1783 2377 “

981 2411 1022 2449 ἐν
1055 2413 1140 2460 σκιᾷ
1174 2414 1240 2448 τοῦ
1275 2411 1461 2448 θανάτου.
1512 2409 1622 2447 σκιὰν
1657 2411 1722 2447 τὸν

981 2461 1126 2504 φαῦλον
1166 2458 1422 2505 αἰνιττόμενος
1455 2461 1546 2513 βίον.
1598 2459 1722 2494 Psalm
1779 2485 1781 2487 .

980 2511 1118 2551 84,11
1157 2507 1263 2542 Denn
1300 2507 1360 2542 ein
1398 2508 1479 2551 Tag
1514 2519 1553 2541 m
1590 2506 1722 2541 deinen

980 2554 1169 2635 Vorgio‘fen
1195 2555 1243 2589 ist
1272 2554 1397 2589 besser
1432 2554 1487 2588 als
1514 2554 1616 2588 sonst
1640 2554 1721 2588 tau-

980 2613 1190 2692 sezlaeecanti
1211 2647 1488 2689 immortalitati,
1503 2646 1602 2682 einer
1615 2647 1722 2681 unber

981 2694 1275 2739 Schleehtigkeit
1327 2694 1403 2729 und
1457 2694 1588 2728 Laeter
1642 2704 1720 2728 ver·

981 2741 1161 2777 brachten
1186 2741 1380 2786 Ewigkerb.

1029 2793 1061 2823 6.
1097 2792 1192 2824 retro
1228 2789 1417 2832 respicere,
1454 2787 1513 2822 ein
1550 2786 1721 2822 ziemlich

981 2836 1147 2880 hiiufiger
1165 2835 1414 2870 Pleonasmus.
1447 2834 1543 2869 Hirt.
1557 2834 1592 2870 b.
1607 2833 1718 2869 Afric.
