1790 3103
115 1176 168 1217 28

189 91 243 132 38
703 92 750 128 M.
778 91 938 127 TULLII
965 92 1218 128 CICERONIS

189 200 323 239 dianae
356 213 472 240 neces
505 203 764 253 interitusque
800 203 1011 242 multorum
1044 202 1283 242 sedationem
1317 204 1515 243 maerendi
1541 204 1734 258 adserunt,

189 259 288 311 apud
323 272 438 310 quem
471 262 522 300 ita
555 261 714 301 dicitur:

365 333 542 380 Namque
573 335 689 371 nimis
719 335 859 371 multos
891 337 1010 380 atque
1042 335 1149 371 omni
1178 335 1267 371 luce
1299 334 1487 372 cadentes

363 390 574 439 cernimus,
607 396 650 430 ut
681 403 793 430 nemo
820 392 946 439 possit
976 402 1161 430 maerore
1192 403 1352 430 vacare.

371 451 452 496 Ouo
485 452 611 499 maqe's
644 456 701 489 est
733 460 902 497 aequum
934 452 1093 488 tumulis
1124 451 1318 488 mandare
1345 456 1569 501 peremptos

358 511 475 555 firmo
509 511 639 547 am'mo
672 514 709 547 et
739 510 885 546 luctum
919 510 1098 548 lacrimis
1125 510 1248 555 finire
1280 510 1447 548 diurnis.

129 601 172 630 66
187 590 289 643 Ergo
320 592 359 629 in
393 597 583 641 potestate
617 595 676 629 est
708 590 860 629 abicere
894 590 1079 642 dolorem,
1111 602 1200 629 cum
1233 590 1337 643 velis,
1370 593 1539 643 tempori
1563 593 1734 631 servien-

188 655 276 688 tem.
310 650 366 687 An
400 655 459 687 est
491 649 610 688 ullum
650 655 821 702 tempus,
860 650 1041 699 quoniam
1081 648 1237 700 quidem
1276 662 1340 688 res
1378 651 1417 688 in
1455 655 1587 689 nostra
1624 657 1731 702 pote-

187 714 283 746 state
318 714 388 759 est,
421 709 483 746 cui
516 720 593 746 non
626 707 825 759 ponendae
859 720 974 746 curae
1003 713 1039 747 el
1065 708 1318 759 aegritudinis
1345 720 1461 747 causa
1487 707 1733 748 serviamus?

188 766 397 805 Constabat
429 779 507 819 eos,
547 768 612 817 qui
638 766 908 805 concidentem
935 766 1157 805 volneribus
1184 766 1250 806 Cn.
1278 767 1504 818 Pompeium
1531 767 1729 820 vidissent,

187 837 275 864 cum
313 827 352 864 iu
390 825 453 864 illo
493 827 577 876 ipso
617 825 867 864 acerbissimo
913 827 1211 876 miserrimoque
1249 826 1470 877 spectaculo
1510 826 1583 865 sibi
1621 828 1731 866 time-

187 890 286 935 rent,
319 883 421 935 quod
455 897 495 923 se
529 884 650 923 classe
683 884 855 923 hostium
887 884 1146 923 circumfusos
1179 885 1366 936 viderent,
1399 885 1492 924 nihil
1521 885 1624 925 aliud
1651 891 1734 924 tum

186 944 312 994 egisse
355 945 429 981 nisi
471 950 513 982 ut
554 945 721 993 remiges
763 943 1014 981 hortarentur
1056 950 1094 981 et
1134 949 1178 981 ut
1219 943 1382 982 salutem
1423 944 1734 995 adipiscerentur

187 1002 292 1053 suga3
332 1007 465 1052 postea
505 1014 621 1052 quan]
659 1001 806 1052 Tyrum
845 1003 1060 1052 venissent,

436 1060 568 1098 Timor
601 1061 720 1110 igitur
753 1060 798 1098 ab
831 1060 891 1098 his
923 1060 1207 1111 aegritudinem
1239 1062 1365 1111 potuit
1398 1060 1605 1113 repellere,
1637 1063 1733 1101 ratio

186 1061 374 1111 coepisse.

186 1117 233 1156 ab
266 1120 431 1169 sapienti
463 1120 545 1157 viro
579 1131 654 1157 nou
686 1116 861 1170 poterit?

1106 1007 1188 1039 tum
1227 1001 1415 1040 adflictari
1453 1002 1732 1054 lamentarique

305 1177 404 1222 Quid
455 1183 514 1216 est
564 1184 693 1216 autem
738 1177 840 1228 quod
893 1177 979 1229 plus
1024 1177 1145 1216 valeat
1189 1178 1235 1216 ad
1280 1178 1503 1229 ponendum
1547 1178 1733 1231 dolorem,

187 1248 300 1286 quam
340 1248 428 1275 cum
469 1243 527 1275 est
565 1236 805 1275 intellectum
846 1236 897 1274 nil
935 1237 1072 1287 profici
1111 1243 1149 1275 et
1181 1237 1324 1275 frustra
1358 1249 1442 1275 esse
1476 1235 1732 1289 susceptum?

185 1294 224 1333 Si
256 1296 374 1345 igitur
407 1295 548 1346 deponi
582 1300 721 1347 potest,
754 1297 869 1334 etiam
901 1307 978 1333 non
1011 1297 1156 1346 suscipi
1189 1301 1327 1347 potest.
1379 1295 1582 1335 Voluntate
1609 1297 1730 1347 igitur

125 1362 168 1394 07
184 1359 222 1392 et
262 1354 406 1392 iudicio
445 1356 591 1405 suscipi
629 1354 913 1404 aegritudinem
951 1354 1213 1393 confitendum
1253 1360 1321 1393 est.

1384 1354 1504 1406 quue
1536 1354 1730 1394 indicatur

184 1424 319 1450 eorum
352 1414 548 1465 patientia,
584 1414 648 1464 qui
682 1425 770 1451 cum
803 1413 922 1451 multa
955 1415 1031 1452 sint
1065 1425 1178 1464 saepe
1205 1415 1393 1465 perpessi,
1425 1413 1575 1452 facilius
1602 1414 1733 1452 ferunt

184 1471 367 1522 quicquid
410 1472 567 1523 accidit,

613 1471 924 1523 obduruisseque
972 1473 1047 1510 iam
1089 1484 1173 1510 sese
1216 1478 1350 1511 contra
1396 1472 1591 1511 fortunam
1633 1472 1732 1511 arbi-

184 1536 349 1582 trantur,
383 1536 425 1569 ut
457 1531 519 1569 ille
553 1530 653 1581 apud
687 1530 930 1581 Euripidem:

449 1602 494 1639 δέ
523 1599 620 1640 milei
650 1613 756 1639 necne
789 1603 914 1639 tristis
941 1599 1114 1650 primum
1149 1601 1359 1640 inluxisset
1389 1603 1473 1641 de'es

447 1672 520 1699 nec
553 1666 632 1698 tam
666 1659 902 1698 ae'rmmzoso
936 1658 1224 1708 mt'm'chissem
1255 1663 1350 1709 salo,

448 1718 546 1758 esse't
579 1720 739 1757 dolendi
770 1718 906 1766 emisa,
940 1724 981 1757 ut
1015 1720 1157 1758 iniecto
1190 1718 1319 1758 e‘culei

184 1868 292 1902 sucht
330 1866 486 1901 11.X1X
524 1870 590 1901 226
630 1866 710 1911 Ody
713 1877 813 1902 sseus
853 1867 922 1901 den

183 1913 349 1949 Achilles
374 1914 465 1949 uber
497 1914 569 1948 den
595 1914 673 1949 Tod
686 1879 769 1948 ydes
796 1914 920 1948 Patro-

186 1961 269 1995 klus
296 1973 338 1995 zu
363 1961 708 2019 beruhigen.Alr1v
740 1958 810 2005 ψὰρ
837 1964 921 1995 πολ-

185 2008 241 2043 λοὶ
285 2008 347 2043 καὶ
392 2005 585 2064 ἕπτ’τριμοι
632 2005 757 2064 ἤματα
800 2006 921 2042 πάντα

185 2056 398 2090 πίπτουσιν·
433 2053 524 2090 πότε
556 2055 622 2090 κέν
654 2068 707 2094 τις
733 2052 920 2089 ἀναπνεύ-

183 2115 258 2137 σειε
303 2101 454 2145 πόνοιο;
498 2099 589 2137 ἄλλα
634 2100 700 2146 χρὴ
746 2100 810 2136 τὸν
854 2115 922 2147 μεν

183 2149 486 2208 καταθαπτεμεν,
502 2146 542 2189 ὅς
556 2162 595 2184 κε
617 2148 792 2205 θάνῃσιν,
806 2148 920 2192 νηλέα

182 2195 308 2241 θυμὸν
341 2195 510 2241 ἔχοντας,
545 2193 605 2231 ἐπ’
639 2193 751 2241 ἤματι
784 2193 916 2241 δακρύ-

183 2255 331 2283 σαντας.

233 2312 286 2342 66.
314 2309 375 2342 An
401 2312 449 2342 est
474 2309 585 2342 ullum
608 2311 744 2351 tempus
763 2310 831 2343 cet.
875 2308 921 2342 Es

183 2354 287 2399 giebt
319 2354 426 2389 keine
451 2355 568 2398 Lage,
600 2355 638 2389 in
670 2355 729 2389 die
755 2354 822 2388 wir
853 2367 920 2389 uns

182 2402 286 2437 nicht
312 2402 484 2436 schicken
510 2402 674 2436 konnten
698 2413 759 2435 um
786 2414 818 2436 u.
835 2414 860 2436 s.
876 2414 918 2435 w.

184 2448 353 2493 Folglieh
384 2448 433 2483 ist
464 2447 523 2483 die
555 2448 833 2483 Bekfimmernis
867 2450 918 2483 et-

182 2506 258 2530 was
294 2506 366 2530 von
405 2506 574 2531 unserem
607 2495 743 2530 Willen
783 2496 920 2531 abhan-

183 2542 298 2587 giges.

231 2602 428 2644 constabat,
457 2601 510 2636 ‘es
538 2601 658 2636 wurde
685 2601 827 2636 damals
855 2601 920 2636 all-

183 2648 328 2693 gemein
354 2649 558 2693 geglaubt’.

231 2713 528 2757 adipiscerentur,
545 2713 602 2747 ‘zu
622 2713 796 2758 erlangen
815 2714 920 2747 such-

184 2760 275 2794 ten'.
320 2759 370 2794 IV
391 2764 421 2803 6,
447 2764 485 2795 12
513 2761 561 2795 ad
586 2761 625 2795 id
648 2761 921 2805 adipiscendum

184 2808 334 2850 impellit
364 2808 440 2852 ipse
470 2811 616 2842 natura.
667 2807 712 2843 de
738 2807 796 2843 off.
824 2807 839 2840 Ι
865 2811 920 2850 21,

185 2857 228 2887 72
255 2855 314 2889 sed
339 2855 388 2890 eis
415 2875 456 2880 —
484 2855 620 2890 abiecta
654 2856 751 2890 omm'
775 2857 920 2889 cuncta-

995 1868 1089 1902 tione
1115 1868 1339 1911 adipiscendi
1363 1868 1598 1913 mayistratus
1624 1873 1655 1904 et
1673 1879 1729 1915 ye-

994 1915 1107 1949 reuda
1132 1925 1187 1949 res
1206 1915 1357 1959 publica
1381 1919 1440 1951 est.

1046 1961 1192 2007 Tyrum.
1241 1961 1353 1996 C'asar
1378 1964 1554 1998 zerstarte
1580 1962 1731 1998 deehalb

995 2009 1065 2042 den
1085 2008 1239 2053 Tempel
1258 2009 1321 2042 des
1342 2009 1521 2045 Herakles
1544 2010 1583 2044 in
1602 2010 1731 2054 Tyrus,

995 2055 1077 2089 weil
1115 2055 1173 2089 die
1209 2055 1337 2099 Tyrier
1368 2056 1575 2101 Pompejus'
1603 2055 1731 2092 Gattin

995 2101 1164 2137 Cornelia
1201 2103 1275 2136 und
1310 2103 1435 2137 seinen
1467 2102 1567 2138 Sohn
1599 2103 1729 2139 Sextus

995 2148 1277 2194 aufgenommen
1321 2149 1460 2184 hatten.
1522 2150 1590 2185 Dio
1635 2149 1730 2185 Cass.

993 2200 1056 2239 42,
1088 2200 1142 2230 49.
1195 2196 1299 2230 Naeh
1330 2195 1454 2231 Livius
1487 2197 1572 2242 epit.
1606 2209 1636 2232 e.
1664 2201 1730 2232 112

994 2243 1068 2277 und
1092 2244 1216 2278 Lucan
1242 2244 1291 2278 IX
1321 2248 1383 2278 117
1416 2243 1537 2279 flohen
1568 2244 1626 2279 die
1660 2243 1731 2280 Ge-

993 2290 1140 2325 fahrten
1165 2290 1228 2325 des
1253 2291 1448 2336 Pompejus
1473 2291 1567 2327 nach
1588 2291 1730 2336 Cypem

993 2338 1136 2372 zuriick.

1040 2384 1131 2429 Kap.
1159 2384 1222 2419 28.
1273 2388 1327 2420 67.
1362 2385 1420 2419 ille
1451 2386 1552 2430 apud
1577 2385 1730 2430 Euripi-

993 2432 1087 2466 dem.-
1096 2396 1200 2466 pAus
1238 2432 1320 2466 dem
1352 2432 1507 2467 Phrixus
1540 2444 1566 2468 s.
1599 2433 1729 2467 Nauck

993 2478 1035 2513 fr.
1060 2482 1145 2513 818:

994 2524 1030 2559 εἰ
1059 2525 1126 2570 μὲν
1159 2522 1239 2560 τόδ’
1274 2521 1372 2570 ἦμαρ
1404 2527 1550 2570 πρῶτον
1581 2521 1628 2570 ἦν
1663 2539 1729 2561 κα-

1413 2573 1582 2629 κουμένῳ

993 2618 1056 2653 και
1099 2616 1171 2664 μὴν
1215 2618 1362 2664 μακρὰν
1406 2618 1452 2679 δὴ
1496 2617 1559 2655 διὰ
1602 2617 1728 2656 πόνων

1414 2664 1672 2723 ἐναυστόλουν,

993 2711 1093 2753 εἰκὸς
1113 2711 1319 2769 σφαδᾳζειν
1333 2709 1389 2771 ἦν
1415 2711 1473 2757 ἄν,
1496 2711 1545 2754 ὡς
1569 2712 1729 2759 νεόζυγα

993 2760 1114 2794 πῶλον
1143 2759 1294 2816 χαλινὸν
1319 2758 1454 2805 ἀρτίως
1483 2760 1726 2806 δεδεγμένον·

994 2807 1061 2842 νῦν
1094 2805 1130 2842 δ’
1165 2804 1306 2853 αμβλύς
1344 2807 1418 2853 εἰμι
1456 2807 1520 2842 καὶ
1549 2821 1728 2853 κατηρτυ-

1415 2852 1485 2895 κώς
1510 2856 1646 2890 κακῶν.
