1790 3103
188 84 240 124 12
699 85 747 120 Μ.
774 84 937 120 TULLII
963 83 1214 120 CICERONIS

185 206 347 246 corpus,
392 200 493 234 statu
534 207 621 233 611111
662 201 721 234 est
757 201 925 246 motum,
969 194 1080 233 deest
1117 194 1243 233 officio
1283 206 1353 233 suo
1391 201 1430 233 et
1468 197 1639 247 muneri,
1678 188 1766 236 sic?

185 252 442 293 conturbatus
481 255 631 292 animus
670 266 747 292 non
787 259 845 292 est
883 258 996 304 aptus
1029 252 1075 290 ad
1108 252 1403 304 exsequendum
1433 265 1575 292 munus
1608 266 1734 294 suum.
1759 278 1773 304 ,¹

184 311 327 351 Munus
365 318 495 353 autem
533 314 651 351 animi
689 318 748 351 est
786 314 936 351 ratione
975 311 1075 349 bene
1117 313 1174 349 uti
1212 317 1251 350 et
1282 313 1469 363 sapientis
1501 313 1652 352 animus
1683 314 1758 352 ita·

185 383 340 422 semper
379 371 555 410 adfectus
594 377 669 422 est,
710 376 755 410 ut
792 372 942 409 ratione
981 371 1126 421 optime
1166 375 1316 422 utatur3
1360 382 1572 421 numquam
1616 372 1737 422 igitur

186 436 246 468 est
293 430 558 481 perturbatus.
621 431 667 468 At
717 429 918 480 aegritudo
974 428 1215 480 perturbatio
1266 435 1325 468 est
1375 430 1504 468 animi.
1573 429 1739 481 Semper

145 490 304 560 8igitur
337 501 379 527 ea
412 490 566 540 sapiens
599 487 758 526 vacabit.

129 572 169 602 16
305 547 392 586 Veri
420 549 534 586 etiam
562 546 686 585 simile
713 546 807 585 illud
835 552 906 599 est,
932 548 998 597 qui
1031 549 1082 586 sit
1112 554 1345 598 temperanS,
1372 569 1426 573 -
1455 559 1571 598 quem
1599 546 1738 587 Graeci

185 601 398 658 σώφρονα
437 605 630 657 appellant
667 617 830 656 eamque
872 607 1054 644 virtutem
1095 600 1395 657 σωφροσύνην
1426 612 1584 658 vocant,
1622 618 1738 657 quam

186 665 291 703 soleo
338 665 517 715 equidem
562 670 644 703 tum
691 665 1006 716 temperantiam,
1053 671 1135 704 tum
1180 664 1485 703 moderationem
1532 664 1740 718 appellare,

185 735 262 762 non
296 735 507 774 numquam
541 724 657 762 etiam
690 723 937 774 modestiam,
971 723 1039 761 sed
1071 723 1172 762 haud
1206 725 1286 762 scio
1319 735 1366 761 an
1399 729 1506 762 recte
1539 735 1597 777 eal
1617 725 1741 763 virtus
1772 751 1774 755 ψ

186 781 385 833 frugalitas
418 782 603 833 appellari
635 783 776 834 possit,
808 782 911 832 quod
943 784 1147 833 angustius
1179 782 1280 833 apud
1313 782 1482 820 Graecos
1514 781 1632 834 valet,
1672 783 1740 833 qui

185 841 288 892 frugi
329 841 506 880 homines
550 840 791 892 χρησίμους
835 841 1046 892 appellant,
1090 841 1127 880 id
1166 848 1226 880 est
1263 847 1413 879 tantum
1452 840 1566 879 modo
1605 841 1742 894 utiles3

185 906 224 938 at
254 899 348 938 illud
383 906 442 939 est
474 900 606 951 latius3
646 901 772 937 omnis
811 901 914 938 enim
952 899 1203 951 abstinentia,
1245 901 1371 938 omnis
1410 901 1652 952 innocentia,
1689 922 1738 928 —

187 970 285 1009 quae
330 959 431 1009 apud
477 958 646 996 Graecos
691 959 878 996 usitatum
922 970 1064 997 nomen
1108 958 1258 997 nullum
1301 958 1435 1010 habet,
1484 958 1551 997 sed
1597 958 1741 998 habere

185 1022 315 1068 potest
353 1011 615 1068 ἀβλάβειανς
654 1028 742 1055 nam
782 1021 840 1054 est
878 1018 1100 1055 innocentia
1139 1017 1305 1055 adfectio
1345 1016 1429 1055 talis
1468 1018 1603 1069 animi,
1642 1029 1743 1069 quae

187 1081 325 1114 noceat
350 1077 497 1114 nemini
527 1090 595 1127 —3
628 1075 800 1126 reliquas
827 1077 942 1114 etiam
970 1077 1134 1114 virtutes
1161 1075 1361 1126 frugalitas
1388 1077 1573 1115 eontinet.
1632 1076 1740 1122 Quae

187 1136 261 1173 nisi
293 1140 399 1173 tanta
431 1140 536 1173 esset
568 1140 606 1173 et
639 1136 671 1173 si
702 1135 750 1173 iis
791 1135 999 1186 angustiis,
1039 1134 1181 1185 quibus
1219 1134 1396 1185 plerique
1436 1139 1594 1186 putant,
1634 1141 1743 1174 tene-

185 1199 315 1245 retur,
348 1205 561 1245 numquam
596 1199 700 1232 esset
731 1192 772 1231 L.
805 1192 959 1231 Pisonis
993 1205 1208 1244 cognomen
1243 1198 1350 1232 tanto
1383 1205 1500 1244 opere
1533 1193 1744 1234 laudatum.

231 1346 348 1384 statu,
370 1343 450 1377 ‘aus
470 1342 609 1377 seinem
629 1341 928 1386 naturgemassen

185 1389 398 1433 Zustamle',
419 1389 546 1424 Parad.
569 1389 585 1422 Ι
605 1392 623 1431 ξ
641 1393 683 1423 15
704 1390 869 1433 voluptas
882 1409 928 1414 -—

185 1447 254 1481 quo
280 1440 330 1472 est
354 1438 482 1480 maior,
508 1447 546 1471 eo
571 1438 687 1481 mayz's
712 1440 858 1471 mentem
885 1447 927 1471 erc

183 1494 249 1519 suo
274 1487 373 1519 statu
398 1487 430 1518 et
453 1485 532 1519 sede
557 1484 722 1519 demovet.

231 1531 324 1576 Kap.
347 1531 384 1566 S.
415 1535 468 1566 16.
503 1531 589 1565 Veri
613 1532 720 1565 etiam
745 1531 860 1565 simile
883 1551 925 1556 —-

184 1580 248 1622 qui
285 1579 332 1612 sit
369 1582 579 1623 temperans.
630 1577 703 1612 Der
741 1578 926 1612 Nachsatz

185 1625 281 1670 folgt
306 1627 380 1660 erst
405 1636 464 1659 am
491 1624 636 1659 Schluss
662 1625 726 1659 des
746 1625 927 1669 Kapitels„

184 1671 309 1708 indem
356 1672 420 1707 der
462 1671 814 1717 vorausgeschickte
858 1671 927 1706 Ge—

1003 1341 1187 1377 struktion
1223 1342 1509 1387 iibe1·gegangen
1545 1342 1647 1377 wird.
1699 1343 1746 1378 de

1000 1389 1058 1423 fin.
1076 1389 1108 1422 II
1130 1393 1186 1431 33,
1207 1393 1272 1423 107
1298 1392 1455 1434 siquam,
1481 1390 1620 1432 tabula,
1647 1391 1746 1425 locus

1000 1447 1188 1479 amoenus,
1221 1437 1318 1479 ludi,
1353 1437 1517 1479 venatio,
1551 1438 1641 1472 villa
1665 1437 1744 1472 La-

999 1484 1087 1518 culli
1113 1505 1156 1508 —
1182 1484 1243 1518 sed
1268 1494 1321 1526 ea,
1346 1494 1437 1528 quae
1463 1484 1563 1527 disci,
1590 1485 1639 1520 ad
1663 1495 1742 1519 eor-

993 1541 1113 1576 pusne
1137 1530 1277 1575 refers,9
1327 1531 1378 1565 Ib.
1405 1530 1456 1564 111
1482 1535 1515 1575 3,
1542 1535 1583 1566 11
1611 1535 1746 1567 ceterae

998 1578 1292 1622 philosophorum
1335 1578 1552 1622 disciplinae
1597 1599 1639 1604 —
1684 1589 1746 1614 eas

1000 1635 1074 1659 non
1099 1626 1201 1659 modo
1226 1625 1320 1660 nihil
1346 1625 1521 1660 adiuvare
1547 1626 1716 1662 arbitror.

1047 1669 1265 1719 ἀβλάβειαν,
1292 1672 1358 1706 das
1385 1671 1602 1707 Substantiv
1626 1672 1746 1708 findet

186 1719 307 1754 danke
332 1719 401 1754 mit
425 1721 490 1764 qui
514 1720 562 1754 sit
583 1720 687 1763 fraqi
706 1720 753 1763 iq.
774 1719 926 1754 wieder-

185 1766 268 1802 holt
303 1766 407 1801 wird.
444 1787 487 1792 —-
525 1765 594 1801 Die
633 1766 925 1811 Schwierigkeit,

186 1813 293 1848 einen
336 1814 419 1849 dem
462 1813 715 1858 griechischen
761 1816 927 1858 611161116-

186 1860 354 1896 chenden
383 1861 578 1895 Ausdruck
609 1872 653 1895 zu
683 1860 822 1904 finden,
861 1861 927 1895 hat

188 1907 259 1944 Cic.
304 1908 524 1950 veranlafst,
582 1907 774 1942 mehrfach
824 1908 931 1943 einen

187 1954 271 1990 Satz
296 1957 334 1989 in
360 1955 431 1989 den
457 1955 618 1990 anderen
650 1954 929 1989 einzuschieben

185 2002 261 2036 und
284 2013 357 2037 von
377 2002 442 2036 der
465 2003 706 2047 begonnenen
726 2002 929 2036 Konstruk-

186 2048 266 2084 tion
282 2049 555 2085 abzuweiohen.
575 2048 788 2093 Allerdings
799 2048 928 2083 wider-

188 2097 333 2131 streben
348 2096 533 2141 derartige
548 2096 826 2131 Anakoluthien
845 2096 929 2131 dem

187 2143 324 2178 Wesen
350 2143 413 2178 der
435 2143 560 2178 latein.
576 2143 740 2188 Spraehe
766 2143 930 2188 weniger

187 2190 243 2225 316
269 2190 333 2225 (161
359 2190 574 2226 deutschen.

235 2235 492 2282 σωφροσύνην.
542 2238 680 2272 Weder
713 2237 778 2272 das
811 2237 932 2272 113161-

188 2285 315 2319 11166116
334 2286 430 2319 noch
451 2285 516 2319 das
530 2285 716 2320 Deutsche
739 2285 807 2319 hat
826 2284 933 2319 einen

188 2343 309 2377 genau
329 2332 647 2376 entspreehenden
662 2331 857 2366 Ausdruck
873 2332 933 2366 fiir

189 2377 423 2423 σωφροσύνη,
452 2380 516 2413 (136
536 2379 594 2413 die
614 2379 844 2414 Gesundheit
868 2378 933 2413 der

189 2426 294 2461 Seele
326 2426 559 2469 bezeichnet,
598 2426 667 2460 wie
700 2425 753 2460 sie
786 2426 863 2460 sich
895 2426 933 2459 in

190 2473 256 2508 der
274 2472 486 2518 Mi‘issigung
511 2473 576 2508 der
594 2473 798 2517 Begierden
824 2472 933 2517 zeigt.

240 2521 335 2564 quod
355 2521 548 2565 aozyustius
563 2540 608 2545 —
625 2521 735 2555 valet:
761 2520 834 2555 Cic.
856 2520 932 2554 will

191 2578 323 2611 sagen:
360 2567 450 2602 ‘was
476 2579 562 2602 man
593 2567 643 2601 im
671 2567 934 2602 Griechischen

190 2613 305 2648 durch
328 2614 388 2648 ein
407 2615 518 2649 Worb
537 2626 609 2649 von
628 2614 935 2649 beschriinkterer

188 2660 409 2705 Bedeutung
447 2661 751 2706 wiederzugeben
789 2661 931 2706 pflegt'.

189 2707 261 2743 Der
275 2708 453 2743 Gedanke
473 2708 524 2743 ist
539 2708 657 2743 schief
672 2708 931 2753 ausgedrfickt.

235 2756 351 2790 omnis
383 2756 604 2790 abstinentia
642 2757 710 2790 cet.
744 2755 803 2790 ein
835 2755 931 2790 Ana.-

188 2802 333 2845 koluth,
362 2802 487 2837 indem
506 2803 603 2837 nach
623 2802 687 2837 der
705 2803 930 2838 Parenthese

189 2860 255 2884 3116
275 2848 338 2884 (161
356 2849 530 2894 passiven
550 2850 587 2884 in
607 2848 666 2884 die
688 2849 812 2885 aktive
833 2849 930 2885 Kon-

1000 1719 1078 1754 sich
1104 1731 1172 1754 nur
1197 1719 1235 1754 in
1268 1719 1333 1754 der
1358 1719 1577 1764 Bedeutung
1600 1720 1740 1755 ineolu-

999 1768 1124 1810 mitas,
1168 1766 1337 1811 dagegen
1382 1767 1449 1801 hat
1489 1767 1554 1801 das
1591 1767 1743 1812 Adjekt.

999 1809 1165 1860 ἀβλαβὴς
1201 1813 1261 1848 die
1304 1813 1438 1848 beiden
1476 1813 1742 1860 Bedeutungen

1003 1861 1236 1896 ‘unverletzt'
1264 1860 1339 1895 und
1370 1860 1628 1896 ε1111661131111611
1655 1861 1745 1897 oder

1003 1908 1254 1953 unschuldig'.

1051 1955 1151 2001 Quae
1187 1956 1262 1990 nisi
1298 1958 1402 1990 tanta
1440 1956 1510 1990 cet.
1559 1955 1662 2000 fraqi
1699 1974 1744 1981 —

1003 2002 1204 2047 eigentlich
1237 2003 1302 2037 der
1328 2001 1484 2037 Genetiv
1516 2013 1589 2037 von
1621 2002 1747 2047 fruyes
1780 2000 1790 2023 ⁶

1002 2049 1099 2084 nach
1143 2049 1207 2083 der
1249 2053 1281 2084 5.
1320 2048 1485 2093 Deklin.,
1536 2048 1605 2084 wie
1648 2050 1745 2084 noch
1781 2049 1790 2070 ³

1001 2097 1156 2131 Plautus
1195 2097 1278 2141 sagt
1315 2097 1428 2130 bonae
1463 2097 1567 2140 fraqi
1605 2106 1674 2131 esse
1700 2114 1744 2121 —-

1002 2144 1219 2178 bezeichnet
1238 2143 1309 2178 den
1331 2141 1649 2178 rechtschaffenen
1667 2143 1758 2187 und,

1003 2191 1238 2225 besonnenen
1285 2189 1414 2234 Mann,
1464 2189 1616 2235 speciell
1662 2190 1757 2235 den„

1004 2238 1165 2272 welcher
1185 2237 1309 2272 Prunk
1329 2237 1404 2272 und
1420 2237 1747 2282 Verschwendung

1005 2284 1159 2325 meidet,
1192 2285 1242 2319 im
1269 2284 1475 2330 Gegensatz
1506 2296 1550 2319 zu
1580 2295 1745 2329 nequam,
1777 2283 1790 2306 ¹1

1005 2332 1089 2366 dem
1127 2331 1426 2367 Verschwender.
1481 2331 1573 2366 Eine
1611 2331 1746 2367 andere
1778 2320 1788 2364 l

1006 2379 1225 2423 Bedentung
1262 2379 1365 2413 hatte
1403 2379 1467 2413 das
1505 2378 1614 2413 Wori:
1648 2378 1745 2413 auch
1778 2365 1790 2400 s

1006 2426 1110 2461 nicht
1141 2427 1196 2461 als
1228 2425 1401 2461 Beiname
1435 2425 1499 2460 des
1523 2425 1618 2461 Piso.
1670 2424 1744 2460 Cic.

1006 2473 1084 2517 legt
1108 2473 1185 2507 ihm
1211 2473 1292 2507 hier
1316 2473 1390 2507 und
1416 2472 1467 2507 IV
1490 2477 1542 2515 16,
1567 2477 1612 2508 36
1638 2472 1745 2507 6111611

1006 2520 1166 2555 anderen
1205 2519 1292 2554 Sinn
1328 2520 1406 2564 bei,
1444 2519 1499 2553 als
1537 2531 1574 2554 es
1610 2519 1649 2554 in
1681 2518 1746 2554 der

1006 2567 1289 2612 gewohnlichen
1315 2566 1476 2612 Sprache
1501 2566 1616 2602 hatte.

1053 2614 1097 2648 L.
1138 2614 1363 2658 Calpurnius
1405 2613 1490 2648 Piso
1534 2614 1646 2649 setzte
1690 2613 1745 2648 als

1006 2661 1146 2696 Tribun
1174 2665 1239 2696 149
1268 2660 1400 2704 durch,
1432 2659 1512 2695 dass
1538 2660 1619 2696 eine
1645 2661 1743 2695 stan-

1005 2708 1090 2753 dige
1110 2708 1359 2743 Kommission
1384 2719 1446 2742 zur
1465 2707 1744 2751 Entscheidung
1779 2696 1790 2731 l>

1003 2756 1094 2790 fiber
1114 2755 1365 2790 Unterschleif
1385 2754 1588 2800 eingesetzt.
1605 2754 1750 2790 wurde.·
1780 2790 1790 2797 „

1003 2802 1054 2836 Er
1072 2814 1148 2837 war
1168 2802 1307 2838 Konsul
1323 2806 1390 2837 134
1409 2801 1485 2836 und
1504 2801 1648 2837 sehrieb
1667 2803 1744 2836 An·
1781 2803 1790 2840 ,ἰ

1003 2849 1112 2885 1131611
1139 2850 1203 2884 (161
1228 2849 1436 2884 1ὅ11116611611
1463 2848 1694 2884 Geschiehte.
1781 2846 1790 2871 ³2
