<?xml version="1.0" encoding="UTF-8"?>
<!DOCTYPE html PUBLIC "-//W3C//DTD XHTML 1.0 Transitional//EN"
    "http://www.w3.org/TR/xhtml1/DTD/xhtml1-transitional.dtd">
<html xmlns="http://www.w3.org/1999/xhtml" xml:lang="en" lang="en">
 <head>
  <title>
</title>
<meta http-equiv="Content-Type" content="text/html;charset=utf-8" />
  <meta name='ocr-system' content='tesseract 3.04.00' />
  <meta name='ocr-capabilities' content='ocr_page ocr_carea ocr_par ocr_line ocrx_word'/>
</head>
<body>
  <div class='ocr_page' id='page_1' title='image "./tusculanarumdisp01ciceuoft_0172.png"; bbox 0 0 1790 3103; ppageno 0'>
   <div class='ocr_carea' id='block_1_1' title="bbox 103 807 160 875">
    <p class='ocr_par' dir='ltr' id='par_1_1' title="bbox 103 807 160 875">
     <span class='ocr_line' id='line_1_1' title="bbox 103 807 160 875; baseline 0 -27"><span class='ocrx_word' id='word_1_1' title='bbox 103 807 160 875; x_wconf 56' lang='lat'>23</span> 
     </span>
    </p>
   </div>
   <div class='ocr_carea' id='block_1_2' title="bbox 169 77 1207 124">
    <p class='ocr_par' dir='ltr' id='par_1_2' title="bbox 169 77 1207 124">
     <span class='ocr_line' id='line_1_2' title="bbox 169 77 1207 124; baseline -0.005 -7"><span class='ocrx_word' id='word_1_2' title='bbox 169 82 226 124; x_wconf 79' lang='grc'>32</span> <span class='ocrx_word' id='word_1_3' title='bbox 693 79 740 115; x_wconf 89' lang='grc' dir='ltr'>Μ.</span> <span class='ocrx_word' id='word_1_4' title='bbox 767 78 928 114; x_wconf 86' lang='lat' dir='ltr'>TULLII</span> <span class='ocrx_word' id='word_1_5' title='bbox 954 77 1207 113; x_wconf 86' lang='lat' dir='ltr'>CICERONIS</span> 
     </span>
    </p>
   </div>
   <div class='ocr_carea' id='block_1_3' title="bbox 170 185 1769 1526">
    <p class='ocr_par' dir='ltr' id='par_1_3' title="bbox 170 185 1769 813">
     <span class='ocr_line' id='line_1_3' title="bbox 170 185 1769 243; baseline -0.003 -13"><span class='ocrx_word' id='word_1_6' title='bbox 170 203 288 243; x_wconf 88' lang='lat' dir='ltr'>quem</span> <span class='ocrx_word' id='word_1_7' title='bbox 329 191 393 229; x_wconf 90' lang='lat' dir='ltr'>ille</span> <span class='ocrx_word' id='word_1_8' title='bbox 435 202 569 229; x_wconf 87' lang='lat' dir='ltr'>eversa</span> <span class='ocrx_word' id='word_1_9' title='bbox 610 189 848 239; x_wconf 83' lang='lat' dir='ltr'>Karthagine</span> <span class='ocrx_word' id='word_1_10' title='bbox 892 190 997 226; x_wconf 88' lang='lat' dir='ltr'>misit</span> <span class='ocrx_word' id='word_1_11' title='bbox 1037 186 1264 226; x_wconf 89' lang='lat' dir='ltr'>consolandi</span> <span class='ocrx_word' id='word_1_12' title='bbox 1305 198 1420 224; x_wconf 87' lang='lat' dir='ltr'>causa</span> <span class='ocrx_word' id='word_1_13' title='bbox 1465 185 1511 224; x_wconf 86' lang='lat' dir='ltr'>ad</span> <span class='ocrx_word' id='word_1_14' title='bbox 1553 187 1724 237; x_wconf 85' lang='lat' dir='ltr'>captivos</span> <span class='ocrx_word' id='word_1_15' title='bbox 1767 233 1769 238; x_wconf 31' lang='grc' dir='ltr'>Ι</span> 
     </span>
     <span class='ocr_line' id='line_1_4' title="bbox 170 244 1725 298; baseline -0.003 -10"><span class='ocrx_word' id='word_1_16' title='bbox 170 252 276 288; x_wconf 89' lang='lat' dir='ltr'>cives</span> <span class='ocrx_word' id='word_1_17' title='bbox 309 261 419 288; x_wconf 88' lang='lat' dir='ltr'>suos:</span> <span class='ocrx_word' id='word_1_18' title='bbox 452 250 492 287; x_wconf 88' lang='lat' dir='ltr'>in</span> <span class='ocrx_word' id='word_1_19' title='bbox 525 261 570 287; x_wconf 89' lang='lat' dir='ltr'>eo</span> <span class='ocrx_word' id='word_1_20' title='bbox 603 255 662 286; x_wconf 90' lang='lat' dir='ltr'>est</span> <span class='ocrx_word' id='word_1_21' title='bbox 695 247 906 298; x_wconf 87' lang='lat' dir='ltr'>disputatio</span> <span class='ocrx_word' id='word_1_22' title='bbox 939 247 1084 296; x_wconf 86' lang='lat' dir='ltr'>scripta</span> <span class='ocrx_word' id='word_1_23' title='bbox 1117 244 1344 295; x_wconf 80' lang='lat' dir='ltr'>Carneadis,</span> <span class='ocrx_word' id='word_1_24' title='bbox 1380 256 1495 294; x_wconf 88' lang='lat' dir='ltr'>quam</span> <span class='ocrx_word' id='word_1_25' title='bbox 1529 256 1569 282; x_wconf 93' lang='lat' dir='ltr'>se</span> <span class='ocrx_word' id='word_1_26' title='bbox 1602 245 1656 283; x_wconf 91' lang='lat' dir='ltr'>ait</span> <span class='ocrx_word' id='word_1_27' title='bbox 1684 245 1725 284; x_wconf 89' lang='lat' dir='ltr'>in</span> 
     </span>
     <span class='ocr_line' id='line_1_5' title="bbox 171 302 1727 354; baseline -0.003 -7"><span class='ocrx_word' id='word_1_28' title='bbox 171 309 499 347; x_wconf 87' lang='lat' dir='ltr'>commentarium</span> <span class='ocrx_word' id='word_1_29' title='bbox 529 306 742 345; x_wconf 85' lang='lat' dir='ltr'>rettulisse.</span> <span class='ocrx_word' id='word_1_30' title='bbox 806 305 902 343; x_wconf 88' lang='lat' dir='ltr'>Cum</span> <span class='ocrx_word' id='word_1_31' title='bbox 944 306 996 342; x_wconf 87' lang='lat' dir='ltr'>ita</span> <span class='ocrx_word' id='word_1_32' title='bbox 1033 305 1204 354; x_wconf 90' lang='lat' dir='ltr'>positum</span> <span class='ocrx_word' id='word_1_33' title='bbox 1242 308 1364 354; x_wconf 86' lang='lat' dir='ltr'>esset,</span> <span class='ocrx_word' id='word_1_34' title='bbox 1404 302 1528 340; x_wconf 80' lang='lat' dir='ltr'>videri</span> <span class='ocrx_word' id='word_1_35' title='bbox 1566 303 1649 341; x_wconf 79' lang='lat' dir='ltr'>sore</span> <span class='ocrx_word' id='word_1_36' title='bbox 1686 304 1727 342; x_wconf 92' lang='lat' dir='ltr'>in</span> 
     </span>
     <span class='ocr_line' id='line_1_6' title="bbox 172 360 1727 417; baseline -0.004 -11"><span class='ocrx_word' id='word_1_37' title='bbox 172 366 416 417; x_wconf 79' lang='lat' dir='ltr'>aegritudine</span> <span class='ocrx_word' id='word_1_38' title='bbox 449 367 665 417; x_wconf 79' lang='lat' dir='ltr'>sapientem</span> <span class='ocrx_word' id='word_1_39' title='bbox 696 365 820 415; x_wconf 84' lang='lat' dir='ltr'>patria</span> <span class='ocrx_word' id='word_1_40' title='bbox 853 368 982 413; x_wconf 84' lang='lat' dir='ltr'>capta,</span> <span class='ocrx_word' id='word_1_41' title='bbox 1021 374 1119 412; x_wconf 90' lang='lat' dir='ltr'>quae</span> <span class='ocrx_word' id='word_1_42' title='bbox 1153 361 1372 399; x_wconf 86' lang='lat' dir='ltr'>Carneades</span> <span class='ocrx_word' id='word_1_43' title='bbox 1412 366 1549 399; x_wconf 85' lang='lat' dir='ltr'>contra</span> <span class='ocrx_word' id='word_1_44' title='bbox 1586 360 1727 400; x_wconf 86' lang='lat' dir='ltr'>dixerit</span> 
     </span>
     <span class='ocr_line' id='line_1_7' title="bbox 173 418 1727 476; baseline -0.005 -12"><span class='ocrx_word' id='word_1_45' title='bbox 173 426 320 476; x_wconf 88' lang='lat' dir='ltr'>scripta</span> <span class='ocrx_word' id='word_1_46' title='bbox 352 430 455 463; x_wconf 88' lang='lat' dir='ltr'>sunt.</span> <span class='ocrx_word' id='word_1_47' title='bbox 517 424 639 461; x_wconf 88' lang='lat' dir='ltr'>Tanta</span> <span class='ocrx_word' id='word_1_48' title='bbox 666 424 786 472; x_wconf 86' lang='lat' dir='ltr'>igitur</span> <span class='ocrx_word' id='word_1_49' title='bbox 813 421 1042 460; x_wconf 80' lang='lat' dir='ltr'>calamitatis</span> <span class='ocrx_word' id='word_1_50' title='bbox 1067 421 1289 471; x_wconf 85' lang='lat' dir='ltr'>praesentis</span> <span class='ocrx_word' id='word_1_51' title='bbox 1315 418 1522 457; x_wconf 87' lang='lat' dir='ltr'>adhibetur</span> <span class='ocrx_word' id='word_1_52' title='bbox 1554 431 1574 456; x_wconf 84' lang='lat' dir='ltr'>a</span> <span class='ocrx_word' id='word_1_53' title='bbox 1606 418 1727 470; x_wconf 88' lang='lat' dir='ltr'>philo-</span> 
     </span>
     <span class='ocr_line' id='line_1_8' title="bbox 173 477 1729 534; baseline -0.004 -12"><span class='ocrx_word' id='word_1_54' title='bbox 173 483 295 534; x_wconf 78' lang='lat' dir='ltr'>sopho</span> <span class='ocrx_word' id='word_1_55' title='bbox 328 483 540 532; x_wconf 90' lang='lat' dir='ltr'>medicina,</span> <span class='ocrx_word' id='word_1_56' title='bbox 573 487 716 531; x_wconf 88' lang='lat' dir='ltr'>quanta</span> <span class='ocrx_word' id='word_1_57' title='bbox 742 482 979 518; x_wconf 85' lang='lat' dir='ltr'>inveteratae</span> <span class='ocrx_word' id='word_1_58' title='bbox 1012 491 1060 516; x_wconf 90' lang='lat' dir='ltr'>ne</span> <span class='ocrx_word' id='word_1_59' title='bbox 1093 477 1338 516; x_wconf 86' lang='lat' dir='ltr'>desideratur</span> <span class='ocrx_word' id='word_1_60' title='bbox 1366 477 1541 528; x_wconf 88' lang='lat' dir='ltr'>quidem,</span> <span class='ocrx_word' id='word_1_61' title='bbox 1575 489 1664 528; x_wconf 89' lang='lat' dir='ltr'>nec,</span> <span class='ocrx_word' id='word_1_62' title='bbox 1695 478 1729 516; x_wconf 89' lang='lat' dir='ltr'>si</span> 
     </span>
     <span class='ocr_line' id='line_1_9' title="bbox 174 534 1728 592; baseline -0.004 -12"><span class='ocrx_word' id='word_1_63' title='bbox 174 542 321 592; x_wconf 86' lang='lat' dir='ltr'>aliquot</span> <span class='ocrx_word' id='word_1_64' title='bbox 352 542 464 579; x_wconf 87' lang='lat' dir='ltr'>annis</span> <span class='ocrx_word' id='word_1_65' title='bbox 495 546 585 590; x_wconf 90' lang='lat' dir='ltr'>post</span> <span class='ocrx_word' id='word_1_66' title='bbox 616 538 719 577; x_wconf 88' lang='lat' dir='ltr'>idem</span> <span class='ocrx_word' id='word_1_67' title='bbox 751 537 814 576; x_wconf 94' lang='lat' dir='ltr'>ille</span> <span class='ocrx_word' id='word_1_68' title='bbox 847 537 946 576; x_wconf 87' lang='lat' dir='ltr'>liber</span> <span class='ocrx_word' id='word_1_69' title='bbox 985 538 1146 587; x_wconf 86' lang='lat' dir='ltr'>captivis</span> <span class='ocrx_word' id='word_1_70' title='bbox 1179 538 1322 574; x_wconf 85' lang='lat' dir='ltr'>missus</span> <span class='ocrx_word' id='word_1_71' title='bbox 1355 541 1470 586; x_wconf 86' lang='lat' dir='ltr'>esset,</span> <span class='ocrx_word' id='word_1_72' title='bbox 1503 534 1728 574; x_wconf 88' lang='lat' dir='ltr'>volneribus</span> 
     </span>
     <span class='ocr_line' id='line_1_10' title="bbox 174 594 1730 650; baseline -0.005 -11"><span class='ocrx_word' id='word_1_73' title='bbox 174 600 418 650; x_wconf 75' lang='lat' dir='ltr'>mederetur,</span> <span class='ocrx_word' id='word_1_74' title='bbox 452 598 519 636; x_wconf 82' lang='lat' dir='ltr'>sed</span> <span class='ocrx_word' id='word_1_75' title='bbox 553 596 814 635; x_wconf 83' lang='lat' dir='ltr'>cicatricibus.</span> <span class='ocrx_word' id='word_1_76' title='bbox 866 596 1020 634; x_wconf 87' lang='lat' dir='ltr'>Sensim</span> <span class='ocrx_word' id='word_1_77' title='bbox 1054 596 1156 633; x_wconf 90' lang='lat' dir='ltr'>enim</span> <span class='ocrx_word' id='word_1_78' title='bbox 1190 601 1228 633; x_wconf 90' lang='lat' dir='ltr'>et</span> <span class='ocrx_word' id='word_1_79' title='bbox 1259 594 1540 645; x_wconf 84' lang='lat' dir='ltr'>pedetemptim</span> <span class='ocrx_word' id='word_1_80' title='bbox 1571 605 1730 644; x_wconf 84' lang='lat' dir='ltr'>progre-</span> 
     </span>
     <span class='ocr_line' id='line_1_11' title="bbox 174 651 1729 706; baseline -0.005 -9"><span class='ocrx_word' id='word_1_81' title='bbox 174 659 285 697; x_wconf 85' lang='lat' dir='ltr'>diens</span> <span class='ocrx_word' id='word_1_82' title='bbox 311 662 545 696; x_wconf 87' lang='lat' dir='ltr'>extenuatur</span> <span class='ocrx_word' id='word_1_83' title='bbox 572 655 699 706; x_wconf 86' lang='lat' dir='ltr'>dolor,</span> <span class='ocrx_word' id='word_1_84' title='bbox 733 667 810 693; x_wconf 93' lang='lat' dir='ltr'>non</span> <span class='ocrx_word' id='word_1_85' title='bbox 844 667 921 705; x_wconf 88' lang='lat' dir='ltr'>quo</span> <span class='ocrx_word' id='word_1_86' title='bbox 955 656 1036 704; x_wconf 84' lang='lat' dir='ltr'>ipsa</span> <span class='ocrx_word' id='word_1_87' title='bbox 1069 665 1132 691; x_wconf 87' lang='lat' dir='ltr'>res</span> <span class='ocrx_word' id='word_1_88' title='bbox 1165 653 1365 691; x_wconf 79' lang='lat' dir='ltr'>immutari</span> <span class='ocrx_word' id='word_1_89' title='bbox 1391 651 1513 690; x_wconf 86' lang='lat' dir='ltr'>soleat</span> <span class='ocrx_word' id='word_1_90' title='bbox 1545 658 1612 690; x_wconf 91' lang='lat' dir='ltr'>aut</span> <span class='ocrx_word' id='word_1_91' title='bbox 1642 663 1729 702; x_wconf 89' lang='lat' dir='ltr'>pos-</span> 
     </span>
     <span class='ocr_line' id='line_1_12' title="bbox 175 711 1730 767; baseline -0.005 -12"><span class='ocrx_word' id='word_1_92' title='bbox 175 719 241 767; x_wconf 81' lang='lat' dir='ltr'>sit,</span> <span class='ocrx_word' id='word_1_93' title='bbox 274 715 340 754; x_wconf 85' lang='lat' dir='ltr'>sed</span> <span class='ocrx_word' id='word_1_94' title='bbox 368 716 423 766; x_wconf 89' lang='lat' dir='ltr'>id,</span> <span class='ocrx_word' id='word_1_95' title='bbox 456 714 560 765; x_wconf 87' lang='lat' dir='ltr'>quod</span> <span class='ocrx_word' id='word_1_96' title='bbox 587 715 684 752; x_wconf 85' lang='lat' dir='ltr'>ratio</span> <span class='ocrx_word' id='word_1_97' title='bbox 712 713 918 764; x_wconf 84' lang='lat' dir='ltr'>debuerat,</span> <span class='ocrx_word' id='word_1_98' title='bbox 951 724 1046 751; x_wconf 84' lang='lat' dir='ltr'>usus</span> <span class='ocrx_word' id='word_1_99' title='bbox 1073 711 1205 763; x_wconf 89' lang='lat' dir='ltr'>docet,</span> <span class='ocrx_word' id='word_1_100' title='bbox 1237 713 1388 750; x_wconf 87' lang='lat' dir='ltr'>minora</span> <span class='ocrx_word' id='word_1_101' title='bbox 1414 722 1500 749; x_wconf 88' lang='lat' dir='ltr'>esse</span> <span class='ocrx_word' id='word_1_102' title='bbox 1533 722 1596 762; x_wconf 87' lang='lat' dir='ltr'>ea,</span> <span class='ocrx_word' id='word_1_103' title='bbox 1629 721 1730 760; x_wconf 86' lang='lat' dir='ltr'>quae</span> 
     </span>
     <span class='ocr_line' id='line_1_13' title="bbox 175 775 552 813; baseline -0.008 0"><span class='ocrx_word' id='word_1_104' title='bbox 175 777 253 813; x_wconf 91' lang='lat' dir='ltr'>sint</span> <span class='ocrx_word' id='word_1_105' title='bbox 284 776 364 813; x_wconf 85' lang='lat' dir='ltr'>visa</span> <span class='ocrx_word' id='word_1_106' title='bbox 396 775 552 812; x_wconf 87' lang='lat' dir='ltr'>maiora.</span> 
     </span>
    </p>

    <p class='ocr_par' dir='ltr' id='par_1_4' title="bbox 175 828 1736 1526">
     <span class='ocr_line' id='line_1_14' title="bbox 294 828 1729 881; baseline -0.004 -11"><span class='ocrx_word' id='word_1_107' title='bbox 294 832 394 878; x_wconf 85' lang='lat' dir='ltr'>Quid</span> <span class='ocrx_word' id='word_1_108' title='bbox 429 844 520 881; x_wconf 85' lang='lat' dir='ltr'>ergo</span> <span class='ocrx_word' id='word_1_109' title='bbox 553 842 652 881; x_wconf 91' lang='lat' dir='ltr'>opus</span> <span class='ocrx_word' id='word_1_110' title='bbox 684 836 760 881; x_wconf 85' lang='lat' dir='ltr'>est,</span> <span class='ocrx_word' id='word_1_111' title='bbox 793 829 897 868; x_wconf 87' lang='lat' dir='ltr'>dicet</span> <span class='ocrx_word' id='word_1_112' title='bbox 929 829 1086 880; x_wconf 62' lang='lat' dir='ltr'>alicnus,</span> <span class='ocrx_word' id='word_1_113' title='bbox 1119 830 1268 867; x_wconf 89' lang='lat' dir='ltr'>ratione</span> <span class='ocrx_word' id='word_1_114' title='bbox 1303 833 1369 866; x_wconf 84' lang='lat' dir='ltr'>aut</span> <span class='ocrx_word' id='word_1_115' title='bbox 1401 828 1559 865; x_wconf 86' lang='lat' dir='ltr'>omnino</span> <span class='ocrx_word' id='word_1_116' title='bbox 1593 838 1729 865; x_wconf 90' lang='lat' dir='ltr'>conso-</span> 
     </span>
     <span class='ocr_line' id='line_1_15' title="bbox 175 886 1731 942; baseline -0.004 -12"><span class='ocrx_word' id='word_1_117' title='bbox 175 892 318 930; x_wconf 88' lang='lat' dir='ltr'>latione</span> <span class='ocrx_word' id='word_1_118' title='bbox 350 890 431 942; x_wconf 79' lang='lat' dir='ltr'>illa,</span> <span class='ocrx_word' id='word_1_119' title='bbox 464 902 538 940; x_wconf 88' lang='lat' dir='ltr'>qua</span> <span class='ocrx_word' id='word_1_120' title='bbox 571 888 741 927; x_wconf 88' lang='lat' dir='ltr'>solemus</span> <span class='ocrx_word' id='word_1_121' title='bbox 775 889 848 940; x_wconf 86' lang='lat' dir='ltr'>uti,</span> <span class='ocrx_word' id='word_1_122' title='bbox 888 900 977 926; x_wconf 86' lang='lat' dir='ltr'>cum</span> <span class='ocrx_word' id='word_1_123' title='bbox 1009 887 1136 925; x_wconf 87' lang='lat' dir='ltr'>levare</span> <span class='ocrx_word' id='word_1_124' title='bbox 1169 886 1343 924; x_wconf 89' lang='lat' dir='ltr'>dolorem</span> <span class='ocrx_word' id='word_1_125' title='bbox 1377 887 1636 924; x_wconf 88' lang='lat' dir='ltr'>maerentium</span> <span class='ocrx_word' id='word_1_126' title='bbox 1668 896 1731 923; x_wconf 88' lang='lat' dir='ltr'>vo-</span> 
     </span>
     <span class='ocr_line' id='line_1_16' title="bbox 175 943 1732 996; baseline -0.004 -8"><span class='ocrx_word' id='word_1_127' title='bbox 175 947 334 988; x_wconf 74' lang='lat' dir='ltr'>lumus?</span> <span class='ocrx_word' id='word_1_128' title='bbox 362 971 415 974; x_wconf 97' lang='lat'><strong>—</strong></span> <span class='ocrx_word' id='word_1_129' title='bbox 443 948 517 986; x_wconf 92' lang='lat' dir='ltr'>hoc</span> <span class='ocrx_word' id='word_1_130' title='bbox 544 948 647 985; x_wconf 89' lang='lat' dir='ltr'>enim</span> <span class='ocrx_word' id='word_1_131' title='bbox 674 948 755 984; x_wconf 85' lang='lat' dir='ltr'>fere</span> <span class='ocrx_word' id='word_1_132' title='bbox 782 952 865 984; x_wconf 83' lang='lat' dir='ltr'>tum</span> <span class='ocrx_word' id='word_1_133' title='bbox 892 945 1081 984; x_wconf 86' lang='lat' dir='ltr'>hahemus</span> <span class='ocrx_word' id='word_1_134' title='bbox 1113 946 1152 984; x_wconf 89' lang='lat' dir='ltr'>in</span> <span class='ocrx_word' id='word_1_135' title='bbox 1185 950 1387 996; x_wconf 85' lang='lat' dir='ltr'>promptu,</span> <span class='ocrx_word' id='word_1_136' title='bbox 1419 943 1515 982; x_wconf 91' lang='lat' dir='ltr'>nihil</span> <span class='ocrx_word' id='word_1_137' title='bbox 1548 949 1732 995; x_wconf 87' lang='lat' dir='ltr'>oportere</span> 
     </span>
     <span class='ocr_line' id='line_1_17' title="bbox 175 1001 1735 1058; baseline -0.004 -12"><span class='ocrx_word' id='word_1_138' title='bbox 175 1010 420 1058; x_wconf 89' lang='lat' dir='ltr'>inopinatum</span> <span class='ocrx_word' id='word_1_139' title='bbox 452 1005 586 1044; x_wconf 84' lang='lat' dir='ltr'>videri.</span> <span class='ocrx_word' id='word_1_140' title='bbox 623 1027 670 1032; x_wconf 86' lang='lat'>-</span> <span class='ocrx_word' id='word_1_141' title='bbox 707 1009 774 1043; x_wconf 86' lang='lat' dir='ltr'>aut</span> <span class='ocrx_word' id='word_1_142' title='bbox 815 1006 882 1055; x_wconf 93' lang='lat' dir='ltr'>qui</span> <span class='ocrx_word' id='word_1_143' title='bbox 920 1003 1160 1042; x_wconf 89' lang='lat' dir='ltr'>tolerabilius</span> <span class='ocrx_word' id='word_1_144' title='bbox 1200 1003 1299 1041; x_wconf 85' lang='lat' dir='ltr'>seret</span> <span class='ocrx_word' id='word_1_145' title='bbox 1337 1001 1628 1041; x_wconf 90' lang='lat' dir='ltr'>incommodum</span> <span class='ocrx_word' id='word_1_146' title='bbox 1667 1002 1735 1052; x_wconf 90' lang='lat' dir='ltr'>qui</span> 
     </span>
     <span class='ocr_line' id='line_1_18' title="bbox 177 1058 1734 1116; baseline -0.004 -12"><span class='ocrx_word' id='word_1_147' title='bbox 177 1067 403 1116; x_wconf 88' lang='lat' dir='ltr'>cognoverit</span> <span class='ocrx_word' id='word_1_148' title='bbox 435 1075 597 1102; x_wconf 89' lang='lat' dir='ltr'>necesse</span> <span class='ocrx_word' id='word_1_149' title='bbox 631 1075 717 1101; x_wconf 83' lang='lat' dir='ltr'>esse</span> <span class='ocrx_word' id='word_1_150' title='bbox 750 1062 898 1100; x_wconf 89' lang='lat' dir='ltr'>homini</span> <span class='ocrx_word' id='word_1_151' title='bbox 941 1062 1014 1101; x_wconf 87' lang='lat' dir='ltr'>tale</span> <span class='ocrx_word' id='word_1_152' title='bbox 1049 1061 1193 1112; x_wconf 91' lang='lat' dir='ltr'>aliquid</span> <span class='ocrx_word' id='word_1_153' title='bbox 1226 1058 1432 1099; x_wconf 76' lang='lat' dir='ltr'>accidere?</span> <span class='ocrx_word' id='word_1_154' title='bbox 1493 1059 1597 1098; x_wconf 88' lang='lat' dir='ltr'>Haec</span> <span class='ocrx_word' id='word_1_155' title='bbox 1630 1061 1734 1098; x_wconf 89' lang='lat' dir='ltr'>enim</span> 
     </span>
     <span class='ocr_line' id='line_1_19' title="bbox 175 1118 1736 1173; baseline -0.004 -11"><span class='ocrx_word' id='word_1_156' title='bbox 175 1125 300 1162; x_wconf 87' lang='lat' dir='ltr'>oratio</span> <span class='ocrx_word' id='word_1_157' title='bbox 340 1123 386 1161; x_wconf 93' lang='lat' dir='ltr'>de</span> <span class='ocrx_word' id='word_1_158' title='bbox 425 1124 508 1173; x_wconf 85' lang='lat' dir='ltr'>ipsa</span> <span class='ocrx_word' id='word_1_159' title='bbox 549 1133 698 1160; x_wconf 88' lang='lat' dir='ltr'>summa</span> <span class='ocrx_word' id='word_1_160' title='bbox 745 1121 834 1159; x_wconf 91' lang='lat' dir='ltr'>mali</span> <span class='ocrx_word' id='word_1_161' title='bbox 878 1120 974 1159; x_wconf 87' lang='lat' dir='ltr'>nihil</span> <span class='ocrx_word' id='word_1_162' title='bbox 1012 1119 1200 1172; x_wconf 87' lang='lat' dir='ltr'>detrahit,</span> <span class='ocrx_word' id='word_1_163' title='bbox 1245 1124 1397 1158; x_wconf 90' lang='lat' dir='ltr'>tantum</span> <span class='ocrx_word' id='word_1_164' title='bbox 1440 1119 1555 1157; x_wconf 86' lang='lat' dir='ltr'>modo</span> <span class='ocrx_word' id='word_1_165' title='bbox 1597 1118 1736 1170; x_wconf 86' lang='lat' dir='ltr'>adfert,</span> 
     </span>
     <span class='ocr_line' id='line_1_20' title="bbox 177 1177 1736 1233; baseline -0.004 -12"><span class='ocrx_word' id='word_1_166' title='bbox 177 1182 273 1221; x_wconf 89' lang='lat' dir='ltr'>nihil</span> <span class='ocrx_word' id='word_1_167' title='bbox 306 1183 501 1233; x_wconf 80' lang='lat' dir='ltr'>evenisse,</span> <span class='ocrx_word' id='word_1_168' title='bbox 541 1180 645 1230; x_wconf 89' lang='lat' dir='ltr'>quod</span> <span class='ocrx_word' id='word_1_169' title='bbox 677 1192 754 1218; x_wconf 88' lang='lat' dir='ltr'>non</span> <span class='ocrx_word' id='word_1_170' title='bbox 788 1179 1025 1230; x_wconf 88' lang='lat' dir='ltr'>opinandum</span> <span class='ocrx_word' id='word_1_171' title='bbox 1058 1179 1207 1217; x_wconf 85' lang='lat' dir='ltr'>suisset.</span> <span class='ocrx_word' id='word_1_172' title='bbox 1269 1177 1404 1228; x_wconf 86' lang='lat' dir='ltr'>Neque</span> <span class='ocrx_word' id='word_1_173' title='bbox 1442 1183 1572 1215; x_wconf 88' lang='lat' dir='ltr'>tamen</span> <span class='ocrx_word' id='word_1_174' title='bbox 1611 1188 1736 1227; x_wconf 86' lang='lat' dir='ltr'>genus</span> 
     </span>
     <span class='ocr_line' id='line_1_21' title="bbox 177 1235 1735 1289; baseline -0.004 -10"><span class='ocrx_word' id='word_1_175' title='bbox 177 1241 216 1279; x_wconf 87' lang='lat' dir='ltr'>id</span> <span class='ocrx_word' id='word_1_176' title='bbox 249 1241 436 1278; x_wconf 86' lang='lat' dir='ltr'>orationis</span> <span class='ocrx_word' id='word_1_177' title='bbox 468 1241 508 1277; x_wconf 91' lang='lat' dir='ltr'>in</span> <span class='ocrx_word' id='word_1_178' title='bbox 542 1237 777 1277; x_wconf 87' lang='lat' dir='ltr'>consolando</span> <span class='ocrx_word' id='word_1_179' title='bbox 810 1250 888 1276; x_wconf 92' lang='lat' dir='ltr'>non</span> <span class='ocrx_word' id='word_1_180' title='bbox 921 1237 1037 1289; x_wconf 78' lang='lat' dir='ltr'>valet,</span> <span class='ocrx_word' id='word_1_181' title='bbox 1077 1236 1143 1275; x_wconf 87' lang='lat' dir='ltr'>sed</span> <span class='ocrx_word' id='word_1_182' title='bbox 1177 1236 1214 1274; x_wconf 94' lang='lat' dir='ltr'>id</span> <span class='ocrx_word' id='word_1_183' title='bbox 1248 1236 1349 1274; x_wconf 90' lang='lat' dir='ltr'>haud</span> <span class='ocrx_word' id='word_1_184' title='bbox 1383 1237 1502 1274; x_wconf 85' lang='lat' dir='ltr'>sciam</span> <span class='ocrx_word' id='word_1_185' title='bbox 1535 1247 1582 1273; x_wconf 91' lang='lat' dir='ltr'>an</span> <span class='ocrx_word' id='word_1_186' title='bbox 1614 1235 1735 1286; x_wconf 90' lang='lat' dir='ltr'>pluri-</span> 
     </span>
     <span class='ocr_line' id='line_1_22' title="bbox 178 1292 1734 1349; baseline -0.004 -12"><span class='ocrx_word' id='word_1_187' title='bbox 178 1311 296 1338; x_wconf 89' lang='lat' dir='ltr'>mum.</span> <span class='ocrx_word' id='word_1_188' title='bbox 358 1298 461 1349; x_wconf 84' lang='lat' dir='ltr'>Ergo</span> <span class='ocrx_word' id='word_1_189' title='bbox 494 1299 568 1336; x_wconf 87' lang='lat' dir='ltr'>ista</span> <span class='ocrx_word' id='word_1_190' title='bbox 600 1298 832 1347; x_wconf 88' lang='lat' dir='ltr'>necopinata</span> <span class='ocrx_word' id='word_1_191' title='bbox 864 1308 941 1334; x_wconf 89' lang='lat' dir='ltr'>non</span> <span class='ocrx_word' id='word_1_192' title='bbox 974 1295 1119 1334; x_wconf 85' lang='lat' dir='ltr'>habent</span> <span class='ocrx_word' id='word_1_193' title='bbox 1151 1301 1296 1333; x_wconf 85' lang='lat' dir='ltr'>tantam</span> <span class='ocrx_word' id='word_1_194' title='bbox 1329 1295 1423 1346; x_wconf 87' lang='lat' dir='ltr'>vim,</span> <span class='ocrx_word' id='word_1_195' title='bbox 1456 1299 1499 1332; x_wconf 91' lang='lat' dir='ltr'>ut</span> <span class='ocrx_word' id='word_1_196' title='bbox 1531 1292 1734 1344; x_wconf 84' lang='lat' dir='ltr'>aegritudo</span> 
     </span>
     <span class='ocr_line' id='line_1_23' title="bbox 179 1351 1733 1406; baseline -0.004 -11"><span class='ocrx_word' id='word_1_197' title='bbox 179 1370 226 1395; x_wconf 79' lang='lat' dir='ltr'>ex</span> <span class='ocrx_word' id='word_1_198' title='bbox 258 1359 306 1395; x_wconf 88' lang='lat' dir='ltr'>iis</span> <span class='ocrx_word' id='word_1_199' title='bbox 338 1358 464 1395; x_wconf 87' lang='lat' dir='ltr'>omnis</span> <span class='ocrx_word' id='word_1_200' title='bbox 497 1357 664 1406; x_wconf 84' lang='lat' dir='ltr'>oriatur3</span> <span class='ocrx_word' id='word_1_201' title='bbox 703 1356 850 1393; x_wconf 84' lang='lat' dir='ltr'>feriunt</span> <span class='ocrx_word' id='word_1_202' title='bbox 889 1356 992 1392; x_wconf 87' lang='lat' dir='ltr'>enim</span> <span class='ocrx_word' id='word_1_203' title='bbox 1032 1355 1196 1392; x_wconf 84' lang='lat' dir='ltr'>fortasse</span> <span class='ocrx_word' id='word_1_204' title='bbox 1236 1354 1412 1404; x_wconf 84' lang='lat' dir='ltr'>gravius,</span> <span class='ocrx_word' id='word_1_205' title='bbox 1450 1364 1537 1390; x_wconf 88' lang='lat' dir='ltr'>nam</span> <span class='ocrx_word' id='word_1_206' title='bbox 1577 1352 1615 1390; x_wconf 94' lang='lat' dir='ltr'>id</span> <span class='ocrx_word' id='word_1_207' title='bbox 1655 1351 1733 1390; x_wconf 83' lang='lat' dir='ltr'>effi-</span> 
     </span>
     <span class='ocr_line' id='line_1_24' title="bbox 178 1410 1735 1467; baseline -0.004 -13"><span class='ocrx_word' id='word_1_208' title='bbox 178 1418 305 1467; x_wconf 87' lang='lat' dir='ltr'>ciunt,</span> <span class='ocrx_word' id='word_1_209' title='bbox 339 1421 381 1454; x_wconf 92' lang='lat' dir='ltr'>ut</span> <span class='ocrx_word' id='word_1_210' title='bbox 414 1427 475 1466; x_wconf 91' lang='lat' dir='ltr'>ea,</span> <span class='ocrx_word' id='word_1_211' title='bbox 514 1426 611 1464; x_wconf 88' lang='lat' dir='ltr'>quae</span> <span class='ocrx_word' id='word_1_212' title='bbox 646 1413 840 1465; x_wconf 87' lang='lat' dir='ltr'>accidant,</span> <span class='ocrx_word' id='word_1_213' title='bbox 878 1414 1023 1451; x_wconf 86' lang='lat' dir='ltr'>maiora</span> <span class='ocrx_word' id='word_1_214' title='bbox 1056 1412 1278 1462; x_wconf 74' lang='lat' dir='ltr'>videantur3</span> <span class='ocrx_word' id='word_1_215' title='bbox 1318 1410 1386 1449; x_wconf 90' lang='lat' dir='ltr'>sed</span> <span class='ocrx_word' id='word_1_216' title='bbox 1427 1412 1571 1448; x_wconf 86' lang='lat' dir='ltr'>maiora</span> <span class='ocrx_word' id='word_1_217' title='bbox 1604 1410 1735 1449; x_wconf 87' lang='lat' dir='ltr'>viden·</span> 
     </span>
     <span class='ocr_line' id='line_1_25' title="bbox 178 1472 1209 1526; baseline -0.005 -13"><span class='ocrx_word' id='word_1_218' title='bbox 178 1481 260 1526; x_wconf 83' lang='lat' dir='ltr'>tur,</span> <span class='ocrx_word' id='word_1_219' title='bbox 294 1475 383 1524; x_wconf 88' lang='lat' dir='ltr'>quia</span> <span class='ocrx_word' id='word_1_220' title='bbox 416 1473 590 1511; x_wconf 89' lang='lat' dir='ltr'>recentia</span> <span class='ocrx_word' id='word_1_221' title='bbox 622 1478 730 1522; x_wconf 86' lang='lat' dir='ltr'>sunt,</span> <span class='ocrx_word' id='word_1_222' title='bbox 763 1483 839 1509; x_wconf 93' lang='lat' dir='ltr'>non</span> <span class='ocrx_word' id='word_1_223' title='bbox 873 1472 961 1522; x_wconf 89' lang='lat' dir='ltr'>quia</span> <span class='ocrx_word' id='word_1_224' title='bbox 994 1472 1209 1522; x_wconf 88' lang='lat' dir='ltr'>repentina.</span> 
     </span>
    </p>
   </div>
   <div class='ocr_carea' id='block_1_4' title="bbox 996 1603 1738 1696">
    <p class='ocr_par' dir='ltr' id='par_1_5' title="bbox 996 1603 1738 1696">
     <span class='ocr_line' id='line_1_26' title="bbox 1041 1603 1736 1648; baseline -0.001 -9"><span class='ocrx_word' id='word_1_225' title='bbox 1041 1617 1126 1639; x_wconf 66' lang='lat' dir='ltr'>ozam</span> <span class='ocrx_word' id='word_1_226' title='bbox 1163 1606 1203 1640; x_wconf 79' lang='lat' dir='ltr'>id</span> <span class='ocrx_word' id='word_1_227' title='bbox 1240 1606 1405 1648; x_wconf 73' lang='lat' dir='ltr'>efficiunt</span> <span class='ocrx_word' id='word_1_228' title='bbox 1443 1605 1511 1639; x_wconf 76' lang='lat' dir='ltr'>cet.</span> <span class='ocrx_word' id='word_1_229' title='bbox 1564 1603 1611 1638; x_wconf 86' lang='lat' dir='ltr'>Es</span> <span class='ocrx_word' id='word_1_230' title='bbox 1649 1603 1736 1638; x_wconf 60' lang='lat' dir='ltr'>laist</span> 
     </span>
     <span class='ocr_line' id='line_1_27' title="bbox 996 1649 1738 1696; baseline -0.003 -10"><span class='ocrx_word' id='word_1_231' title='bbox 996 1652 1074 1687; x_wconf 87' lang='lat' dir='ltr'>sich</span> <span class='ocrx_word' id='word_1_232' title='bbox 1109 1653 1249 1686; x_wconf 84' lang='lat' dir='ltr'>schwer</span> <span class='ocrx_word' id='word_1_233' title='bbox 1293 1662 1422 1696; x_wconf 80' lang='lat' dir='ltr'>Sagen,</span> <span class='ocrx_word' id='word_1_234' title='bbox 1465 1650 1626 1685; x_wconf 76' lang='lat' dir='ltr'>wieweit</span> <span class='ocrx_word' id='word_1_235' title='bbox 1664 1649 1738 1685; x_wconf 88' lang='lat' dir='ltr'>Cic.</span> 
     </span>
    </p>
   </div>
   <div class='ocr_carea' id='block_1_5' title="bbox 180 1603 921 1700">
    <p class='ocr_par' dir='ltr' id='par_1_6' title="bbox 180 1603 921 1700">
     <span class='ocr_line' id='line_1_28' title="bbox 226 1603 919 1649; baseline -0.006 -5"><span class='ocrx_word' id='word_1_236' title='bbox 226 1609 527 1645; x_wconf 71' lang='lat' dir='ltr'>commentarium.</span> <span class='ocrx_word' id='word_1_237' title='bbox 555 1608 814 1649; x_wconf 72' lang='lat' dir='ltr'>commentarii,</span> <span class='ocrx_word' id='word_1_238' title='bbox 829 1603 919 1641; x_wconf 82' lang='grc' dir='ltr'><strong>ὑπο-</strong></span> 
     </span>
     <span class='ocr_line' id='line_1_29' title="bbox 180 1654 921 1700; baseline -0.004 -10"><span class='ocrx_word' id='word_1_239' title='bbox 180 1654 371 1700; x_wconf 68' lang='grc' dir='ltr'>μνήματα,</span> <span class='ocrx_word' id='word_1_240' title='bbox 404 1655 463 1689; x_wconf 87' lang='lat' dir='ltr'>die</span> <span class='ocrx_word' id='word_1_241' title='bbox 490 1654 820 1698; x_wconf 86' lang='lat' dir='ltr'>Aufzeiehnungen</span> <span class='ocrx_word' id='word_1_242' title='bbox 849 1664 921 1688; x_wconf 91' lang='lat' dir='ltr'>von</span> 
     </span>
    </p>
   </div>
   <div class='ocr_carea' id='block_1_6' title="bbox 173 1700 927 2298">
    <p class='ocr_par' dir='ltr' id='par_1_7' title="bbox 173 1700 922 1878">
     <span class='ocr_line' id='line_1_30' title="bbox 178 1700 921 1747; baseline -0.005 -9"><span class='ocrx_word' id='word_1_243' title='bbox 178 1703 389 1747; x_wconf 60' lang='lat' dir='ltr'>Vortragen</span> <span class='ocrx_word' id='word_1_244' title='bbox 438 1702 502 1736; x_wconf 88' lang='lat' dir='ltr'>der</span> <span class='ocrx_word' id='word_1_245' title='bbox 549 1700 698 1735; x_wconf 86' lang='lat' dir='ltr'>Lehrer.</span> <span class='ocrx_word' id='word_1_246' title='bbox 749 1700 797 1735; x_wconf 78' lang='lat' dir='ltr'>ad</span> <span class='ocrx_word' id='word_1_247' title='bbox 834 1700 921 1735; x_wconf 88' lang='lat' dir='ltr'>fam.</span> 
     </span>
     <span class='ocr_line' id='line_1_31' title="bbox 179 1747 922 1793; baseline -0.004 -9"><span class='ocrx_word' id='word_1_248' title='bbox 179 1749 265 1784; x_wconf 90' lang='lat' dir='ltr'>XVI</span> <span class='ocrx_word' id='word_1_249' title='bbox 292 1753 348 1793; x_wconf 94' lang='lat'>21,</span> <span class='ocrx_word' id='word_1_250' title='bbox 376 1753 395 1784; x_wconf 84' lang='lat'><em>8</em></span> <span class='ocrx_word' id='word_1_251' title='bbox 428 1749 580 1784; x_wconf 75' lang='lat' dir='ltr'>multum</span> <span class='ocrx_word' id='word_1_252' title='bbox 610 1748 699 1782; x_wconf 83' lang='lat' dir='ltr'>mihi</span> <span class='ocrx_word' id='word_1_253' title='bbox 730 1747 824 1782; x_wconf 73' lang='lat' dir='ltr'>enim</span> <span class='ocrx_word' id='word_1_254' title='bbox 855 1748 922 1781; x_wconf 85' lang='lat' dir='ltr'>eri-</span> 
     </span>
     <span class='ocr_line' id='line_1_32' title="bbox 173 1795 921 1842; baseline -0.004 -11"><span class='ocrx_word' id='word_1_255' title='bbox 173 1798 281 1842; x_wconf 78' lang='lat' dir='ltr'>pitur</span> <span class='ocrx_word' id='word_1_256' title='bbox 306 1807 434 1840; x_wconf 77' lang='lat' dir='ltr'>operae</span> <span class='ocrx_word' id='word_1_257' title='bbox 468 1797 509 1830; x_wconf 78' lang='lat' dir='ltr'>in</span> <span class='ocrx_word' id='word_1_258' title='bbox 539 1795 782 1830; x_wconf 61' lang='lat' dir='ltr'>exscribendis</span> <span class='ocrx_word' id='word_1_259' title='bbox 812 1795 921 1839; x_wconf 78' lang='lat' dir='ltr'>hypo—</span> 
     </span>
     <span class='ocr_line' id='line_1_33' title="bbox 179 1844 376 1878; baseline -0.01 0"><span class='ocrx_word' id='word_1_260' title='bbox 179 1844 376 1878; x_wconf 76' lang='lat' dir='ltr'>vmematis.</span> 
     </span>
    </p>

    <p class='ocr_par' dir='ltr' id='par_1_8' title="bbox 180 1887 923 2028">
     <span class='ocr_line' id='line_1_34' title="bbox 221 1887 923 1934; baseline -0.004 -10"><span class='ocrx_word' id='word_1_261' title='bbox 221 1890 383 1934; x_wconf 74' lang='lat' dir='ltr'>positum</span> <span class='ocrx_word' id='word_1_262' title='bbox 409 1892 512 1931; x_wconf 75' lang='lat' dir='ltr'>esset,</span> <span class='ocrx_word' id='word_1_263' title='bbox 539 1901 565 1923; x_wconf 78' lang='lat' dir='ltr'>s.</span> <span class='ocrx_word' id='word_1_264' title='bbox 587 1901 616 1922; x_wconf 88' lang='lat' dir='ltr'>z.</span> <span class='ocrx_word' id='word_1_265' title='bbox 638 1889 652 1921; x_wconf 92' lang='lat' dir='ltr'>I</span> <span class='ocrx_word' id='word_1_266' title='bbox 673 1891 706 1930; x_wconf 85' lang='lat'>4,</span> <span class='ocrx_word' id='word_1_267' title='bbox 729 1892 759 1922; x_wconf 85' lang='lat'>7.</span> <span class='ocrx_word' id='word_1_268' title='bbox 778 1907 819 1912; x_wconf 80' lang='lat'>·—</span> <span class='ocrx_word' id='word_1_269' title='bbox 835 1887 923 1921; x_wconf 85' lang='lat' dir='ltr'>Man</span> 
     </span>
     <span class='ocr_line' id='line_1_35' title="bbox 181 1933 923 1971; baseline -0.004 0"><span class='ocrx_word' id='word_1_270' title='bbox 181 1937 337 1971; x_wconf 74' lang='lat' dir='ltr'>beachte</span> <span class='ocrx_word' id='word_1_271' title='bbox 394 1936 464 1970; x_wconf 84' lang='lat' dir='ltr'>den</span> <span class='ocrx_word' id='word_1_272' title='bbox 509 1935 685 1969; x_wconf 82' lang='lat' dir='ltr'>Weehsel</span> <span class='ocrx_word' id='word_1_273' title='bbox 740 1933 923 1968; x_wconf 80' lang='lat' dir='ltr'>zwischen</span> 
     </span>
     <span class='ocr_line' id='line_1_36' title="bbox 180 1980 874 2028; baseline -0.003 -10"><span class='ocrx_word' id='word_1_274' title='bbox 180 1983 382 2028; x_wconf 76' lang='lat' dir='ltr'>Konjunkt.</span> <span class='ocrx_word' id='word_1_275' title='bbox 404 1981 617 2026; x_wconf 78' lang='lat' dir='ltr'>Imperfecti</span> <span class='ocrx_word' id='word_1_276' title='bbox 642 1993 677 2015; x_wconf 89' lang='lat' dir='ltr'>u.</span> <span class='ocrx_word' id='word_1_277' title='bbox 703 1980 874 2016; x_wconf 73' lang='lat' dir='ltr'>Perfecti.</span> 
     </span>
    </p>

    <p class='ocr_par' dir='ltr' id='par_1_9' title="bbox 180 2027 923 2165">
     <span class='ocr_line' id='line_1_37' title="bbox 227 2027 923 2072; baseline -0.004 -8"><span class='ocrx_word' id='word_1_278' title='bbox 227 2030 434 2064; x_wconf 65' lang='lat' dir='ltr'>mederetur.</span> <span class='ocrx_word' id='word_1_279' title='bbox 477 2029 551 2063; x_wconf 79' lang='lat' dir='ltr'>Das</span> <span class='ocrx_word' id='word_1_280' title='bbox 573 2027 847 2072; x_wconf 77' lang='lat' dir='ltr'>Imperfectum,</span> <span class='ocrx_word' id='word_1_281' title='bbox 866 2038 923 2061; x_wconf 84' lang='lat' dir='ltr'>wo</span> 
     </span>
     <span class='ocr_line' id='line_1_38' title="bbox 180 2074 923 2119; baseline -0.005 -8"><span class='ocrx_word' id='word_1_282' title='bbox 180 2088 266 2111; x_wconf 84' lang='lat' dir='ltr'>man</span> <span class='ocrx_word' id='word_1_283' title='bbox 311 2076 376 2110; x_wconf 80' lang='lat' dir='ltr'>das</span> <span class='ocrx_word' id='word_1_284' title='bbox 414 2074 824 2119; x_wconf 70' lang='lat' dir='ltr'>plusquamperfectum</span> <span class='ocrx_word' id='word_1_285' title='bbox 868 2085 923 2108; x_wconf 90' lang='lat' dir='ltr'>er-</span> 
     </span>
     <span class='ocr_line' id='line_1_39' title="bbox 180 2121 827 2165; baseline -0.003 -8"><span class='ocrx_word' id='word_1_286' title='bbox 180 2125 323 2158; x_wconf 78' lang='lat' dir='ltr'>warten</span> <span class='ocrx_word' id='word_1_287' title='bbox 349 2122 468 2157; x_wconf 80' lang='lat' dir='ltr'>sollte.</span> <span class='ocrx_word' id='word_1_288' title='bbox 522 2123 556 2158; x_wconf 84' lang='lat' dir='ltr'>S.</span> <span class='ocrx_word' id='word_1_289' title='bbox 584 2134 612 2155; x_wconf 89' lang='lat' dir='ltr'>z.</span> <span class='ocrx_word' id='word_1_290' title='bbox 640 2121 656 2154; x_wconf 93' lang='lat' dir='ltr'>I</span> <span class='ocrx_word' id='word_1_291' title='bbox 684 2125 744 2165; x_wconf 90' lang='lat'>12,</span> <span class='ocrx_word' id='word_1_292' title='bbox 772 2125 827 2155; x_wconf 79' lang='grc'>27.</span> 
     </span>
    </p>

    <p class='ocr_par' dir='ltr' id='par_1_10' title="bbox 180 2168 927 2298">
     <span class='ocr_line' id='line_1_40' title="bbox 228 2168 927 2215; baseline -0.006 -11"><span class='ocrx_word' id='word_1_293' title='bbox 228 2170 320 2215; x_wconf 86' lang='lat' dir='ltr'>Kap.</span> <span class='ocrx_word' id='word_1_294' title='bbox 360 2169 424 2204; x_wconf 75' lang='lat'>23.</span> <span class='ocrx_word' id='word_1_295' title='bbox 477 2173 531 2204; x_wconf 82' lang='lat'>55.</span> <span class='ocrx_word' id='word_1_296' title='bbox 586 2168 683 2213; x_wconf 75' lang='lat' dir='ltr'>Quid</span> <span class='ocrx_word' id='word_1_297' title='bbox 727 2177 816 2212; x_wconf 76' lang='lat' dir='ltr'>opus</span> <span class='ocrx_word' id='word_1_298' title='bbox 860 2170 927 2201; x_wconf 78' lang='lat' dir='ltr'>est.-</span> 
     </span>
     <span class='ocr_line' id='line_1_41' title="bbox 180 2213 927 2251; baseline -0.005 0"><span class='ocrx_word' id='word_1_299' title='bbox 180 2216 345 2251; x_wconf 70' lang='lat' dir='ltr'>n‘a&#39;mlieh</span> <span class='ocrx_word' id='word_1_300' title='bbox 371 2227 478 2250; x_wconf 82' lang='lat' dir='ltr'>wenn</span> <span class='ocrx_word' id='word_1_301' title='bbox 504 2216 563 2249; x_wconf 89' lang='lat' dir='ltr'>die</span> <span class='ocrx_word' id='word_1_302' title='bbox 586 2214 665 2249; x_wconf 75' lang='lat' dir='ltr'>Zeit</span> <span class='ocrx_word' id='word_1_303' title='bbox 690 2226 738 2249; x_wconf 84' lang='lat' dir='ltr'>an</span> <span class='ocrx_word' id='word_1_304' title='bbox 758 2213 836 2249; x_wconf 85' lang='lat' dir='ltr'>sich</span> <span class='ocrx_word' id='word_1_305' title='bbox 858 2214 927 2248; x_wconf 87' lang='lat' dir='ltr'>den</span> 
     </span>
     <span class='ocr_line' id='line_1_42' title="bbox 181 2261 766 2298; baseline -0.003 0"><span class='ocrx_word' id='word_1_306' title='bbox 181 2264 358 2298; x_wconf 88' lang='lat' dir='ltr'>Kummer</span> <span class='ocrx_word' id='word_1_307' title='bbox 383 2262 536 2297; x_wconf 78' lang='lat' dir='ltr'>mildert</span> <span class='ocrx_word' id='word_1_308' title='bbox 561 2262 636 2296; x_wconf 88' lang='lat' dir='ltr'>und</span> <span class='ocrx_word' id='word_1_309' title='bbox 662 2261 766 2297; x_wconf 72' lang='lat' dir='ltr'>heilt.</span> 
     </span>
    </p>
   </div>
   <div class='ocr_carea' id='block_1_7' title="bbox 229 2299 928 2353">
    <p class='ocr_par' dir='ltr' id='par_1_11' title="bbox 229 2299 928 2353">
     <span class='ocr_line' id='line_1_43' title="bbox 229 2299 928 2353; baseline -0.004 -9"><span class='ocrx_word' id='word_1_310' title='bbox 229 2311 389 2352; x_wconf 71' lang='lat' dir='ltr'>ratione,</span> <span class='ocrx_word' id='word_1_311' title='bbox 433 2308 738 2353; x_wconf 84' lang='lat' dir='ltr'>philosophisehe</span> <span class='ocrx_word' id='word_1_312' title='bbox 777 2299 928 2343; x_wconf 69' lang='lat' dir='ltr'>Uberle-</span> 
     </span>
    </p>
   </div>
   <div class='ocr_carea' id='block_1_8' title="bbox 181 2368 293 2402">
    <p class='ocr_par' dir='ltr' id='par_1_12' title="bbox 181 2368 293 2402">
     <span class='ocr_line' id='line_1_44' title="bbox 181 2368 293 2402; baseline 0.009 -12"><span class='ocrx_word' id='word_1_313' title='bbox 181 2368 293 2402; x_wconf 85' lang='lat' dir='ltr'>gung.</span> 
     </span>
    </p>
   </div>
   <div class='ocr_carea' id='block_1_9' title="bbox 229 2401 929 2445">
    <p class='ocr_par' dir='ltr' id='par_1_13' title="bbox 229 2401 929 2445">
     <span class='ocr_line' id='line_1_45' title="bbox 229 2401 929 2445; baseline -0.004 -7"><span class='ocrx_word' id='word_1_314' title='bbox 229 2403 453 2438; x_wconf 75' lang='lat' dir='ltr'>tolerabilius</span> <span class='ocrx_word' id='word_1_315' title='bbox 477 2403 584 2445; x_wconf 76' lang='lat' dir='ltr'>feret,</span> <span class='ocrx_word' id='word_1_316' title='bbox 611 2402 644 2436; x_wconf 88' lang='lat' dir='ltr'>d.</span> <span class='ocrx_word' id='word_1_317' title='bbox 664 2401 685 2436; x_wconf 93' lang='lat' dir='ltr'>i.</span> <span class='ocrx_word' id='word_1_318' title='bbox 714 2401 929 2436; x_wconf 78' lang='lat' dir='ltr'>tolerantius</span> 
     </span>
    </p>
   </div>
   <div class='ocr_carea' id='block_1_10' title="bbox 181 2448 927 2860">
    <p class='ocr_par' dir='ltr' id='par_1_14' title="bbox 181 2448 927 2860">
     <span class='ocr_line' id='line_1_46' title="bbox 181 2448 926 2493; baseline -0.004 -8"><span class='ocrx_word' id='word_1_319' title='bbox 181 2452 280 2493; x_wconf 80' lang='lat' dir='ltr'>feret.</span> <span class='ocrx_word' id='word_1_320' title='bbox 332 2449 379 2483; x_wconf 79' lang='lat' dir='ltr'>ad</span> <span class='ocrx_word' id='word_1_321' title='bbox 404 2449 491 2483; x_wconf 85' lang='lat' dir='ltr'>fam.</span> <span class='ocrx_word' id='word_1_322' title='bbox 518 2448 586 2482; x_wconf 86' lang='lat' dir='ltr'>XV</span> <span class='ocrx_word' id='word_1_323' title='bbox 612 2452 674 2491; x_wconf 87' lang='lat'>20,</span> <span class='ocrx_word' id='word_1_324' title='bbox 701 2452 720 2481; x_wconf 88' lang='lat'>2</span> <span class='ocrx_word' id='word_1_325' title='bbox 748 2458 818 2492; x_wconf 75' lang='lat' dir='ltr'>quo</span> <span class='ocrx_word' id='word_1_326' title='bbox 844 2449 926 2482; x_wconf 77' lang='lat' dir='ltr'>tole-</span> 
     </span>
     <span class='ocr_line' id='line_1_47' title="bbox 182 2495 927 2540; baseline -0.005 -8"><span class='ocrx_word' id='word_1_327' title='bbox 182 2497 339 2532; x_wconf 80' lang='lat' dir='ltr'>rabilius</span> <span class='ocrx_word' id='word_1_328' title='bbox 357 2497 517 2538; x_wconf 78' lang='lat' dir='ltr'>feramus</span> <span class='ocrx_word' id='word_1_329' title='bbox 534 2495 736 2540; x_wconf 48' lang='lat' dir='ltr'>symbulum</span> <span class='ocrx_word' id='word_1_330' title='bbox 755 2495 927 2530; x_wconf 76' lang='lat' dir='ltr'>desiderii</span> 
     </span>
     <span class='ocr_line' id='line_1_48' title="bbox 182 2541 926 2588; baseline -0.004 -10"><span class='ocrx_word' id='word_1_331' title='bbox 182 2545 249 2578; x_wconf 77' lang='lat' dir='ltr'>tui.</span> <span class='ocrx_word' id='word_1_332' title='bbox 300 2542 499 2588; x_wconf 80' lang='lat' dir='ltr'>Adjectiva</span> <span class='ocrx_word' id='word_1_333' title='bbox 531 2542 597 2575; x_wconf 84' lang='lat' dir='ltr'>auf</span> <span class='ocrx_word' id='word_1_334' title='bbox 618 2542 698 2584; x_wconf 81' lang='lat' dir='ltr'>ilis,</span> <span class='ocrx_word' id='word_1_335' title='bbox 735 2541 786 2574; x_wconf 87' lang='lat' dir='ltr'>im</span> <span class='ocrx_word' id='word_1_336' title='bbox 814 2541 926 2575; x_wconf 85' lang='lat' dir='ltr'>Sinne</span> 
     </span>
     <span class='ocr_line' id='line_1_49' title="bbox 183 2588 926 2633; baseline -0.004 -8"><span class='ocrx_word' id='word_1_337' title='bbox 183 2602 256 2625; x_wconf 89' lang='lat' dir='ltr'>von</span> <span class='ocrx_word' id='word_1_338' title='bbox 293 2589 521 2633; x_wconf 74' lang='lat' dir='ltr'>Participien</span> <span class='ocrx_word' id='word_1_339' title='bbox 561 2588 768 2623; x_wconf 80' lang='lat' dir='ltr'>Praesentis</span> <span class='ocrx_word' id='word_1_340' title='bbox 803 2588 926 2622; x_wconf 80' lang='lat' dir='ltr'>Activi</span> 
     </span>
     <span class='ocr_line' id='line_1_50' title="bbox 183 2635 925 2682; baseline -0.004 -11"><span class='ocrx_word' id='word_1_341' title='bbox 183 2637 406 2682; x_wconf 75' lang='lat' dir='ltr'>gebraucht,</span> <span class='ocrx_word' id='word_1_342' title='bbox 438 2636 519 2670; x_wconf 84' lang='lat' dir='ltr'>sind</span> <span class='ocrx_word' id='word_1_343' title='bbox 546 2635 651 2669; x_wconf 75' lang='lat' dir='ltr'>nicht</span> <span class='ocrx_word' id='word_1_344' title='bbox 677 2635 769 2669; x_wconf 85' lang='lat' dir='ltr'>eben</span> <span class='ocrx_word' id='word_1_345' title='bbox 796 2635 925 2677; x_wconf 74' lang='lat' dir='ltr'>selben,</span> 
     </span>
     <span class='ocr_line' id='line_1_51' title="bbox 184 2682 927 2725; baseline -0.005 -6"><span class='ocrx_word' id='word_1_346' title='bbox 184 2695 223 2719; x_wconf 83' lang='lat' dir='ltr'>so</span> <span class='ocrx_word' id='word_1_347' title='bbox 251 2683 296 2718; x_wconf 87' lang='lat' dir='ltr'>de</span> <span class='ocrx_word' id='word_1_348' title='bbox 329 2683 362 2718; x_wconf 92' lang='lat' dir='ltr'>d.</span> <span class='ocrx_word' id='word_1_349' title='bbox 396 2685 473 2718; x_wconf 77' lang='lat' dir='ltr'>nat.</span> <span class='ocrx_word' id='word_1_350' title='bbox 505 2682 557 2716; x_wconf 91' lang='lat' dir='ltr'>III</span> <span class='ocrx_word' id='word_1_351' title='bbox 592 2686 651 2724; x_wconf 90' lang='lat'>12,</span> <span class='ocrx_word' id='word_1_352' title='bbox 684 2685 728 2715; x_wconf 86' lang='grc'>29</span> <span class='ocrx_word' id='word_1_353' title='bbox 759 2682 927 2725; x_wconf 76' lang='lat' dir='ltr'>patibilis</span> 
     </span>
     <span class='ocr_line' id='line_1_52' title="bbox 183 2728 927 2772; baseline -0.004 -7"><span class='ocrx_word' id='word_1_354' title='bbox 183 2734 331 2765; x_wconf 63' lang='lat' dir='ltr'>viatura.</span> <span class='ocrx_word' id='word_1_355' title='bbox 382 2729 434 2765; x_wconf 91' lang='lat' dir='ltr'>Ib.</span> <span class='ocrx_word' id='word_1_356' title='bbox 463 2729 497 2763; x_wconf 90' lang='grc' dir='ltr'>ΙΙ</span> <span class='ocrx_word' id='word_1_357' title='bbox 532 2733 594 2772; x_wconf 84' lang='grc'>39,</span> <span class='ocrx_word' id='word_1_358' title='bbox 627 2731 672 2763; x_wconf 88' lang='grc'>98</span> <span class='ocrx_word' id='word_1_359' title='bbox 703 2728 927 2763; x_wconf 72' lang='lat' dir='ltr'>insatiabilis</span> 
     </span>
     <span class='ocr_line' id='line_1_53' title="bbox 183 2775 926 2818; baseline -0.004 -6"><span class='ocrx_word' id='word_1_360' title='bbox 183 2779 351 2812; x_wconf 71' lang='lat' dir='ltr'>varietas.</span> <span class='ocrx_word' id='word_1_361' title='bbox 401 2775 489 2811; x_wconf 91' lang='lat' dir='ltr'>Hor.</span> <span class='ocrx_word' id='word_1_362' title='bbox 510 2786 620 2811; x_wconf 82' lang='lat' dir='ltr'>earm.</span> <span class='ocrx_word' id='word_1_363' title='bbox 641 2776 656 2810; x_wconf 95' lang='lat' dir='ltr'>I</span> <span class='ocrx_word' id='word_1_364' title='bbox 677 2779 708 2818; x_wconf 91' lang='lat'>3,</span> <span class='ocrx_word' id='word_1_365' title='bbox 731 2779 775 2809; x_wconf 89' lang='lat'>22</span> <span class='ocrx_word' id='word_1_366' title='bbox 796 2785 926 2810; x_wconf 73' lang='lat' dir='ltr'>oceano</span> 
     </span>
     <span class='ocr_line' id='line_1_54' title="bbox 183 2824 418 2860; baseline -0.004 -1"><span class='ocrx_word' id='word_1_367' title='bbox 183 2824 418 2860; x_wconf 78' lang='lat' dir='ltr'>dissociabili.</span> 
     </span>
    </p>
   </div>
   <div class='ocr_carea' id='block_1_11' title="bbox 995 1696 1741 2856">
    <p class='ocr_par' dir='ltr' id='par_1_15' title="bbox 995 1696 1741 2856">
     <span class='ocr_line' id='line_1_55' title="bbox 996 1696 1738 1734; baseline -0.004 0"><span class='ocrx_word' id='word_1_368' title='bbox 996 1699 1111 1734; x_wconf 73' lang='lat' dir='ltr'>selbst</span> <span class='ocrx_word' id='word_1_369' title='bbox 1155 1699 1229 1734; x_wconf 85' lang='lat' dir='ltr'>und</span> <span class='ocrx_word' id='word_1_370' title='bbox 1274 1697 1433 1734; x_wconf 75' lang='lat' dir='ltr'>wieweit</span> <span class='ocrx_word' id='word_1_371' title='bbox 1469 1698 1529 1732; x_wconf 87' lang='lat' dir='ltr'>die</span> <span class='ocrx_word' id='word_1_372' title='bbox 1554 1696 1738 1732; x_wconf 85' lang='lat' dir='ltr'>Verderb-</span> 
     </span>
     <span class='ocr_line' id='line_1_56' title="bbox 995 1744 1739 1780; baseline -0.003 -1"><span class='ocrx_word' id='word_1_373' title='bbox 995 1745 1053 1780; x_wconf 81' lang='lat' dir='ltr'>nis</span> <span class='ocrx_word' id='word_1_374' title='bbox 1079 1745 1143 1780; x_wconf 86' lang='lat' dir='ltr'>der</span> <span class='ocrx_word' id='word_1_375' title='bbox 1167 1746 1276 1780; x_wconf 85' lang='lat' dir='ltr'>Hdss.</span> <span class='ocrx_word' id='word_1_376' title='bbox 1313 1745 1372 1780; x_wconf 88' lang='lat' dir='ltr'>die</span> <span class='ocrx_word' id='word_1_377' title='bbox 1405 1744 1544 1780; x_wconf 85' lang='lat' dir='ltr'>Schuld</span> <span class='ocrx_word' id='word_1_378' title='bbox 1574 1755 1621 1778; x_wconf 84' lang='lat' dir='ltr'>an</span> <span class='ocrx_word' id='word_1_379' title='bbox 1654 1744 1739 1778; x_wconf 86' lang='lat' dir='ltr'>dem</span> 
     </span>
     <span class='ocr_line' id='line_1_57' title="bbox 995 1790 1737 1838; baseline -0.003 -11"><span class='ocrx_word' id='word_1_380' title='bbox 995 1793 1299 1838; x_wconf 84' lang='lat' dir='ltr'>Ungem‘igenden</span> <span class='ocrx_word' id='word_1_381' title='bbox 1315 1792 1378 1827; x_wconf 80' lang='lat' dir='ltr'>des</span> <span class='ocrx_word' id='word_1_382' title='bbox 1392 1790 1605 1826; x_wconf 79' lang='lat' dir='ltr'>Ausdrueks</span> <span class='ocrx_word' id='word_1_383' title='bbox 1625 1792 1737 1835; x_wconf 62' lang='lat' dir='ltr'>tragt.</span> 
     </span>
     <span class='ocr_line' id='line_1_58' title="bbox 996 1837 1740 1884; baseline -0.003 -11"><span class='ocrx_word' id='word_1_384' title='bbox 996 1839 1071 1873; x_wconf 89' lang='lat' dir='ltr'>Der</span> <span class='ocrx_word' id='word_1_385' title='bbox 1090 1839 1160 1874; x_wconf 77' lang='lat' dir='ltr'>mit,</span> <span class='ocrx_word' id='word_1_386' title='bbox 1179 1850 1261 1884; x_wconf 72' lang='lat' dir='ltr'>erqo</span> <span class='ocrx_word' id='word_1_387' title='bbox 1282 1838 1518 1883; x_wconf 74' lang='lat' dir='ltr'>eingeleitete</span> <span class='ocrx_word' id='word_1_388' title='bbox 1539 1837 1625 1872; x_wconf 72' lang='lat' dir='ltr'>Satz</span> <span class='ocrx_word' id='word_1_389' title='bbox 1644 1837 1740 1881; x_wconf 70' lang='lat' dir='ltr'>folgt.</span> 
     </span>
     <span class='ocr_line' id='line_1_59' title="bbox 995 1883 1739 1930; baseline -0.004 -10"><span class='ocrx_word' id='word_1_390' title='bbox 995 1885 1102 1920; x_wconf 70' lang='lat' dir='ltr'>nicht</span> <span class='ocrx_word' id='word_1_391' title='bbox 1115 1897 1179 1920; x_wconf 86' lang='lat' dir='ltr'>aus</span> <span class='ocrx_word' id='word_1_392' title='bbox 1195 1887 1279 1921; x_wconf 88' lang='lat' dir='ltr'>dem</span> <span class='ocrx_word' id='word_1_393' title='bbox 1293 1884 1631 1930; x_wconf 86' lang='lat' dir='ltr'>vorhergehenden.</span> <span class='ocrx_word' id='word_1_394' title='bbox 1669 1883 1739 1918; x_wconf 85' lang='lat' dir='ltr'>Die</span> 
     </span>
     <span class='ocr_line' id='line_1_60' title="bbox 996 1932 1738 1976; baseline -0.001 -10"><span class='ocrx_word' id='word_1_395' title='bbox 996 1933 1126 1967; x_wconf 77' lang='lat' dir='ltr'>Worte</span> <span class='ocrx_word' id='word_1_396' title='bbox 1157 1934 1218 1968; x_wconf 78' lang='lat' dir='ltr'>sed</span> <span class='ocrx_word' id='word_1_397' title='bbox 1248 1933 1391 1967; x_wconf 85' lang='lat' dir='ltr'>maiora</span> <span class='ocrx_word' id='word_1_398' title='bbox 1423 1952 1466 1957; x_wconf 91' lang='lat'>—</span> <span class='ocrx_word' id='word_1_399' title='bbox 1497 1932 1586 1976; x_wconf 77' lang='lat' dir='ltr'>quia</span> <span class='ocrx_word' id='word_1_400' title='bbox 1616 1941 1738 1974; x_wconf 76' lang='lat' dir='ltr'>repen-</span> 
     </span>
     <span class='ocr_line' id='line_1_61' title="bbox 996 1977 1738 2014; baseline -0.003 -1"><span class='ocrx_word' id='word_1_401' title='bbox 996 1980 1077 2014; x_wconf 74' lang='lat' dir='ltr'>tina</span> <span class='ocrx_word' id='word_1_402' title='bbox 1114 1979 1240 2014; x_wconf 80' lang='lat' dir='ltr'>fehlen</span> <span class='ocrx_word' id='word_1_403' title='bbox 1280 1979 1319 2014; x_wconf 83' lang='lat' dir='ltr'>in</span> <span class='ocrx_word' id='word_1_404' title='bbox 1357 1979 1427 2014; x_wconf 91' lang='lat' dir='ltr'>den</span> <span class='ocrx_word' id='word_1_405' title='bbox 1465 1979 1593 2013; x_wconf 68' lang='lat' dir='ltr'>besben</span> <span class='ocrx_word' id='word_1_406' title='bbox 1630 1977 1738 2012; x_wconf 77' lang='lat' dir='ltr'>Hdss.</span> 
     </span>
     <span class='ocr_line' id='line_1_62' title="bbox 997 2023 1739 2061; baseline -0.003 -1"><span class='ocrx_word' id='word_1_407' title='bbox 997 2038 1078 2060; x_wconf 87' lang='lat' dir='ltr'>zum</span> <span class='ocrx_word' id='word_1_408' title='bbox 1105 2026 1187 2061; x_wconf 88' lang='lat' dir='ltr'>Teil</span> <span class='ocrx_word' id='word_1_409' title='bbox 1211 2026 1288 2061; x_wconf 84' lang='lat' dir='ltr'>und</span> <span class='ocrx_word' id='word_1_410' title='bbox 1319 2026 1401 2060; x_wconf 88' lang='lat' dir='ltr'>sind</span> <span class='ocrx_word' id='word_1_411' title='bbox 1427 2037 1474 2060; x_wconf 84' lang='lat' dir='ltr'>an</span> <span class='ocrx_word' id='word_1_412' title='bbox 1501 2025 1584 2059; x_wconf 90' lang='lat' dir='ltr'>dem</span> <span class='ocrx_word' id='word_1_413' title='bbox 1609 2023 1739 2059; x_wconf 75' lang='lat' dir='ltr'>Raude</span> 
     </span>
     <span class='ocr_line' id='line_1_63' title="bbox 995 2071 1740 2162; baseline -0.004 -8"><span class='ocrx_word' id='word_1_414' title='bbox 995 2083 1086 2154; x_wconf 54' lang='lat' dir='ltr'>{carle</span> <span class='ocrx_word' id='word_1_415' title='bbox 1106 2072 1451 2154; x_wconf 48' lang='grc' dir='ltr'>’Ξίιέιὲἓῧΐέϊπῗῐῖἓῗθ</span> <span class='ocrx_word' id='word_1_416' title='bbox 1479 2071 1740 2162; x_wconf 48' lang='grc' dir='ltr'>ἒίιέξῖῧῗῗζὲιὲιὲ</span> 
     </span>
     <span class='ocr_line' id='line_1_64' title="bbox 1000 2163 1741 2210; baseline -0.003 -10"><span class='ocrx_word' id='word_1_417' title='bbox 1000 2167 1115 2209; x_wconf 81' lang='lat' dir='ltr'>habe,</span> <span class='ocrx_word' id='word_1_418' title='bbox 1143 2166 1224 2201; x_wconf 84' lang='lat' dir='ltr'>dass</span> <span class='ocrx_word' id='word_1_419' title='bbox 1250 2177 1288 2200; x_wconf 83' lang='lat' dir='ltr'>es</span> <span class='ocrx_word' id='word_1_420' title='bbox 1315 2165 1474 2210; x_wconf 79' lang='lat' dir='ltr'>heftiger</span> <span class='ocrx_word' id='word_1_421' title='bbox 1498 2163 1619 2207; x_wconf 73' lang='lat' dir='ltr'>treffe,</span> <span class='ocrx_word' id='word_1_422' title='bbox 1655 2163 1741 2199; x_wconf 87' lang='lat' dir='ltr'>weil</span> 
     </span>
     <span class='ocr_line' id='line_1_65' title="bbox 1001 2211 1740 2257; baseline -0.004 -10"><span class='ocrx_word' id='word_1_423' title='bbox 1001 2223 1040 2247; x_wconf 87' lang='lat' dir='ltr'>es</span> <span class='ocrx_word' id='word_1_424' title='bbox 1078 2224 1146 2247; x_wconf 89' lang='lat' dir='ltr'>uns</span> <span class='ocrx_word' id='word_1_425' title='bbox 1185 2213 1250 2247; x_wconf 78' lang='lat' dir='ltr'>das</span> <span class='ocrx_word' id='word_1_426' title='bbox 1289 2212 1462 2257; x_wconf 75' lang='lat' dir='ltr'>Unglfiek</span> <span class='ocrx_word' id='word_1_427' title='bbox 1506 2211 1648 2256; x_wconf 76' lang='lat' dir='ltr'>grosser</span> <span class='ocrx_word' id='word_1_428' title='bbox 1685 2222 1740 2245; x_wconf 86' lang='lat' dir='ltr'>er-</span> 
     </span>
     <span class='ocr_line' id='line_1_66' title="bbox 1002 2258 1740 2301; baseline -0.003 -8"><span class='ocrx_word' id='word_1_429' title='bbox 1002 2259 1177 2294; x_wconf 86' lang='lat' dir='ltr'>scheinen</span> <span class='ocrx_word' id='word_1_430' title='bbox 1207 2259 1320 2301; x_wconf 78' lang='lat' dir='ltr'>lasse,</span> <span class='ocrx_word' id='word_1_431' title='bbox 1352 2260 1419 2293; x_wconf 73' lang='lat' dir='ltr'>hat</span> <span class='ocrx_word' id='word_1_432' title='bbox 1447 2258 1518 2294; x_wconf 86' lang='lat' dir='ltr'>Cic.</span> <span class='ocrx_word' id='word_1_433' title='bbox 1547 2261 1566 2300; x_wconf 66' lang='grc' dir='ltr'><strong>ἓ</strong></span> <span class='ocrx_word' id='word_1_434' title='bbox 1592 2261 1656 2301; x_wconf 88' lang='grc'>28,</span> <span class='ocrx_word' id='word_1_435' title='bbox 1683 2261 1740 2300; x_wconf 85' lang='grc'>34,</span> 
     </span>
     <span class='ocr_line' id='line_1_67' title="bbox 1002 2304 1741 2351; baseline -0.004 -10"><span class='ocrx_word' id='word_1_436' title='bbox 1002 2310 1044 2341; x_wconf 84' lang='grc'>52</span> <span class='ocrx_word' id='word_1_437' title='bbox 1078 2306 1377 2351; x_wconf 76' lang='lat' dir='ltr'>ausgesprochen</span> <span class='ocrx_word' id='word_1_438' title='bbox 1411 2305 1486 2340; x_wconf 90' lang='lat' dir='ltr'>und</span> <span class='ocrx_word' id='word_1_439' title='bbox 1520 2304 1741 2339; x_wconf 77' lang='lat' dir='ltr'>wiederholl:</span> 
     </span>
     <span class='ocr_line' id='line_1_68' title="bbox 1001 2350 1740 2396; baseline -0.004 -8"><span class='ocrx_word' id='word_1_440' title='bbox 1001 2364 1039 2388; x_wconf 85' lang='lat' dir='ltr'>er</span> <span class='ocrx_word' id='word_1_441' title='bbox 1070 2356 1089 2395; x_wconf 68' lang='grc' dir='ltr'>ξ</span> <span class='ocrx_word' id='word_1_442' title='bbox 1121 2357 1165 2388; x_wconf 82' lang='grc'>59</span> <span class='ocrx_word' id='word_1_443' title='bbox 1197 2353 1267 2387; x_wconf 70' lang='lat' dir='ltr'>mit</span> <span class='ocrx_word' id='word_1_444' title='bbox 1296 2352 1506 2396; x_wconf 85' lang='lat' dir='ltr'>Beziehung</span> <span class='ocrx_word' id='word_1_445' title='bbox 1544 2351 1609 2386; x_wconf 87' lang='lat' dir='ltr'>auf</span> <span class='ocrx_word' id='word_1_446' title='bbox 1638 2350 1740 2385; x_wconf 84' lang='lat' dir='ltr'>diese</span> 
     </span>
     <span class='ocr_line' id='line_1_69' title="bbox 1002 2398 1739 2443; baseline -0.003 -9"><span class='ocrx_word' id='word_1_447' title='bbox 1002 2400 1132 2443; x_wconf 79' lang='lat' dir='ltr'>Stelle3</span> <span class='ocrx_word' id='word_1_448' title='bbox 1177 2400 1331 2434; x_wconf 84' lang='lat' dir='ltr'>deshalb</span> <span class='ocrx_word' id='word_1_449' title='bbox 1374 2400 1423 2433; x_wconf 81' lang='lat' dir='ltr'>ist</span> <span class='ocrx_word' id='word_1_450' title='bbox 1465 2409 1551 2433; x_wconf 72' lang='lat' dir='ltr'>nam</span> <span class='ocrx_word' id='word_1_451' title='bbox 1586 2398 1627 2432; x_wconf 77' lang='lat' dir='ltr'>id</span> <span class='ocrx_word' id='word_1_452' title='bbox 1663 2398 1719 2440; x_wconf 83' lang='lat' dir='ltr'>eff.</span> <span class='ocrx_word' id='word_1_453' title='bbox 1727 2423 1739 2440; x_wconf 90' lang='lat'>,</span> 
     </span>
     <span class='ocr_line' id='line_1_70' title="bbox 998 2444 1740 2489; baseline -0.004 -8"><span class='ocrx_word' id='word_1_454' title='bbox 998 2447 1118 2489; x_wconf 76' lang='lat' dir='ltr'>nieht,</span> <span class='ocrx_word' id='word_1_455' title='bbox 1144 2447 1213 2481; x_wconf 87' lang='lat' dir='ltr'>wie</span> <span class='ocrx_word' id='word_1_456' title='bbox 1239 2446 1277 2480; x_wconf 86' lang='lat' dir='ltr'>in</span> <span class='ocrx_word' id='word_1_457' title='bbox 1297 2446 1367 2480; x_wconf 90' lang='lat' dir='ltr'>den</span> <span class='ocrx_word' id='word_1_458' title='bbox 1388 2445 1495 2480; x_wconf 83' lang='lat' dir='ltr'>Hdss.</span> <span class='ocrx_word' id='word_1_459' title='bbox 1523 2444 1640 2487; x_wconf 75' lang='lat' dir='ltr'>steht,</span> <span class='ocrx_word' id='word_1_460' title='bbox 1665 2454 1740 2479; x_wconf 74' lang='lat' dir='ltr'>non</span> 
     </span>
     <span class='ocr_line' id='line_1_71' title="bbox 998 2490 1739 2536; baseline -0.007 -7"><span class='ocrx_word' id='word_1_461' title='bbox 998 2494 1038 2528; x_wconf 84' lang='lat' dir='ltr'>id</span> <span class='ocrx_word' id='word_1_462' title='bbox 1058 2494 1113 2536; x_wconf 78' lang='lat' dir='ltr'>eff.</span> <span class='ocrx_word' id='word_1_463' title='bbox 1135 2505 1177 2527; x_wconf 91' lang='lat' dir='ltr'>zu</span> <span class='ocrx_word' id='word_1_464' title='bbox 1197 2492 1400 2528; x_wconf 84' lang='lat' dir='ltr'>schreiben.</span> <span class='ocrx_word' id='word_1_465' title='bbox 1452 2492 1572 2526; x_wconf 89' lang='lat' dir='ltr'>Wenn</span> <span class='ocrx_word' id='word_1_466' title='bbox 1592 2491 1652 2526; x_wconf 86' lang='lat' dir='ltr'>die</span> <span class='ocrx_word' id='word_1_467' title='bbox 1671 2490 1739 2526; x_wconf 83' lang='lat' dir='ltr'>fol—</span> 
     </span>
     <span class='ocr_line' id='line_1_72' title="bbox 999 2538 1739 2584; baseline -0.005 -9"><span class='ocrx_word' id='word_1_468' title='bbox 999 2541 1143 2584; x_wconf 87' lang='lat' dir='ltr'>genden</span> <span class='ocrx_word' id='word_1_469' title='bbox 1169 2540 1298 2575; x_wconf 76' lang='lat' dir='ltr'>Worte</span> <span class='ocrx_word' id='word_1_470' title='bbox 1335 2540 1396 2574; x_wconf 78' lang='lat' dir='ltr'>sed</span> <span class='ocrx_word' id='word_1_471' title='bbox 1432 2539 1574 2573; x_wconf 78' lang='lat' dir='ltr'>maiora</span> <span class='ocrx_word' id='word_1_472' title='bbox 1603 2549 1636 2572; x_wconf 86' lang='lat' dir='ltr'>v.</span> <span class='ocrx_word' id='word_1_473' title='bbox 1669 2538 1739 2572; x_wconf 74' lang='lat' dir='ltr'>eet.</span> 
     </span>
     <span class='ocr_line' id='line_1_73' title="bbox 1000 2583 1740 2631; baseline -0.005 -10"><span class='ocrx_word' id='word_1_474' title='bbox 1000 2587 1086 2621; x_wconf 68' lang='lat' dir='ltr'>echi]</span> <span class='ocrx_word' id='word_1_475' title='bbox 1111 2587 1209 2630; x_wconf 81' lang='lat' dir='ltr'>sind,</span> <span class='ocrx_word' id='word_1_476' title='bbox 1237 2598 1276 2621; x_wconf 85' lang='lat' dir='ltr'>so</span> <span class='ocrx_word' id='word_1_477' title='bbox 1303 2587 1387 2631; x_wconf 72' lang='lat' dir='ltr'>sagt</span> <span class='ocrx_word' id='word_1_478' title='bbox 1406 2585 1478 2620; x_wconf 82' lang='lat' dir='ltr'>Cic.</span> <span class='ocrx_word' id='word_1_479' title='bbox 1499 2583 1740 2628; x_wconf 73' lang='lat' dir='ltr'>anknfipfend</span> 
     </span>
     <span class='ocr_line' id='line_1_74' title="bbox 1000 2630 1738 2675; baseline -0.005 -7"><span class='ocrx_word' id='word_1_480' title='bbox 1000 2645 1046 2668; x_wconf 81' lang='lat' dir='ltr'>an</span> <span class='ocrx_word' id='word_1_481' title='bbox 1072 2634 1143 2668; x_wconf 79' lang='lat' dir='ltr'>(len</span> <span class='ocrx_word' id='word_1_482' title='bbox 1168 2634 1325 2675; x_wconf 84' lang='lat' dir='ltr'>Beweis,</span> <span class='ocrx_word' id='word_1_483' title='bbox 1360 2631 1440 2667; x_wconf 80' lang='lat' dir='ltr'>dass</span> <span class='ocrx_word' id='word_1_484' title='bbox 1476 2631 1534 2666; x_wconf 89' lang='lat' dir='ltr'>die</span> <span class='ocrx_word' id='word_1_485' title='bbox 1562 2630 1644 2665; x_wconf 80' lang='lat' dir='ltr'>Zeit:</span> <span class='ocrx_word' id='word_1_486' title='bbox 1667 2631 1738 2665; x_wconf 87' lang='lat' dir='ltr'>den</span> 
     </span>
     <span class='ocr_line' id='line_1_75' title="bbox 999 2677 1739 2722; baseline -0.007 -7"><span class='ocrx_word' id='word_1_487' title='bbox 999 2681 1175 2715; x_wconf 85' lang='lat' dir='ltr'>Kummer</span> <span class='ocrx_word' id='word_1_488' title='bbox 1194 2680 1365 2722; x_wconf 87' lang='lat' dir='ltr'>mildere,</span> <span class='ocrx_word' id='word_1_489' title='bbox 1386 2677 1465 2713; x_wconf 85' lang='lat' dir='ltr'>dass</span> <span class='ocrx_word' id='word_1_490' title='bbox 1487 2677 1739 2721; x_wconf 82' lang='lat' dir='ltr'>dieWirkung</span> 
     </span>
     <span class='ocr_line' id='line_1_76' title="bbox 1000 2724 1738 2762; baseline -0.005 -1"><span class='ocrx_word' id='word_1_491' title='bbox 1000 2727 1063 2762; x_wconf 81' lang='lat' dir='ltr'>des</span> <span class='ocrx_word' id='word_1_492' title='bbox 1105 2727 1382 2761; x_wconf 72' lang='lat' dir='ltr'>Unerwarteten</span> <span class='ocrx_word' id='word_1_493' title='bbox 1425 2725 1530 2759; x_wconf 74' lang='lat' dir='ltr'>nicht,</span> <span class='ocrx_word' id='word_1_494' title='bbox 1571 2724 1609 2758; x_wconf 87' lang='lat' dir='ltr'>in</span> <span class='ocrx_word' id='word_1_495' title='bbox 1653 2724 1738 2758; x_wconf 84' lang='lat' dir='ltr'>dem</span> 
     </span>
     <span class='ocr_line' id='line_1_77' title="bbox 999 2771 1739 2816; baseline -0.005 -8"><span class='ocrx_word' id='word_1_496' title='bbox 999 2774 1278 2808; x_wconf 71' lang='lat' dir='ltr'>Unerwarteten</span> <span class='ocrx_word' id='word_1_497' title='bbox 1309 2782 1356 2806; x_wconf 84' lang='lat' dir='ltr'>an</span> <span class='ocrx_word' id='word_1_498' title='bbox 1388 2772 1466 2806; x_wconf 82' lang='lat' dir='ltr'>sich</span> <span class='ocrx_word' id='word_1_499' title='bbox 1503 2771 1615 2816; x_wconf 87' lang='lat' dir='ltr'>liege,</span> <span class='ocrx_word' id='word_1_500' title='bbox 1654 2781 1739 2805; x_wconf 87' lang='lat' dir='ltr'>son-</span> 
     </span>
     <span class='ocr_line' id='line_1_78' title="bbox 1000 2816 1741 2856; baseline -0.005 -1"><span class='ocrx_word' id='word_1_501' title='bbox 1000 2821 1090 2856; x_wconf 85' lang='lat' dir='ltr'>dern</span> <span class='ocrx_word' id='word_1_502' title='bbox 1110 2820 1217 2855; x_wconf 82' lang='lat' dir='ltr'>darin</span> <span class='ocrx_word' id='word_1_503' title='bbox 1236 2818 1315 2854; x_wconf 81' lang='lat' dir='ltr'>dass</span> <span class='ocrx_word' id='word_1_504' title='bbox 1336 2819 1399 2854; x_wconf 81' lang='lat' dir='ltr'>der</span> <span class='ocrx_word' id='word_1_505' title='bbox 1418 2817 1606 2853; x_wconf 88' lang='lat' dir='ltr'>Eindruck</span> <span class='ocrx_word' id='word_1_506' title='bbox 1624 2816 1741 2852; x_wconf 85' lang='lat' dir='ltr'>friseh</span> 
     </span>
    </p>
   </div>
   <div class='ocr_carea' id='block_1_12' title="bbox 1754 0 1790 3103">
    <p class='ocr_par' dir='ltr' id='par_1_16' title="bbox 1754 0 1790 3103">
     <span class='ocr_line' id='line_1_79' title="bbox 1754 0 1790 3103; baseline 0 0"><span class='ocrx_word' id='word_1_507' title='bbox 1754 0 1790 3103; x_wconf 95' lang='lat' dir='ltr'> </span> 
     </span>
    </p>
   </div>
  </div>
 </body>
</html>
