1811 3103
339 85 736 122 TUSCULANARUM
761 84 1161 121 DISPUTATIONUM
1187 85 1229 120 V.
1256 89 1406 121 42—46.
1577 85 1659 126 119

99 198 219 248 igitur
252 195 400 234 bonum
432 195 536 246 quod
569 195 798 246 honestum3
829 206 876 233 ex
905 206 982 245 quo
1009 195 1179 233 efficitur
1206 195 1409 234 honestate
1437 208 1512 235 una
1540 197 1656 234 vitam

101 256 296 294 contineri
328 254 491 293 beatam.
554 253 639 292 Non
673 259 765 292 sunt
796 254 916 303 igitur
955 264 1000 290 ea
1035 252 1135 290 bona
1168 253 1330 292 dicenda
1363 266 1435 293 nec
1468 253 1658 306 habenda,

100 312 245 364 quibus
277 312 540 351 abundantem
572 311 663 350 licet
696 323 781 350 esse
815 311 1090 350 miserrimum.
1153 312 1212 349 An
1245 312 1399 350 dubitas
1426 315 1519 363 quin
1547 323 1718 364 prae-45

100 377 209 410 stans
241 371 480 422 valetudine,
512 370 680 422 viribus,
713 371 855 420 forma,
895 370 1112 407 acerrumis
1144 370 1500 420 integerrumisque
1535 373 1657 409 sensi—

99 429 194 481 bus,
225 429 323 468 adde
356 431 490 481 etiam,
522 430 555 467 si
587 428 716 479 lubet,
747 428 1020 478 pernicitatem
1052 433 1092 465 et
1118 427 1382 478 velocitatem,
1415 429 1460 466 da
1494 429 1659 480 divitias,

100 487 270 527 honores
314 489 495 539 imperia,
535 498 629 538 opes
666 486 848 537 gloriam:
889 487 921 524 si
963 486 1081 524 suerit
1125 487 1158 523 is
1203 487 1270 536 qui
1308 485 1403 524 haee
1446 486 1561 524 babet
1604 489 1660 525 in—

99 547 228 586 iustus
259 547 526 597 intemperans
557 544 736 596 timidus,
768 543 901 582 hebeti
926 545 1082 594 ingenio
1110 550 1226 594 atque
1253 543 1378 595 nullo,
1411 543 1659 583 dubitabisne

99 616 191 643 eum
236 605 423 643 miserum
464 599 624 642 dicere?
685 601 820 647 Qualia
865 603 984 652 igitur
1028 603 1103 640 ista
1146 601 1247 640 bona
1292 609 1401 654 sunt,
1448 615 1546 654 quae
1595 605 1661 653 qui

98 661 240 701 habeat
271 663 516 701 miserrimus
549 672 635 699 esse
675 657 828 712 possit?
889 659 1097 699 Videamus
1136 672 1184 699 ne
1229 666 1273 699 ut
1311 673 1475 700 acervus
1513 673 1559 699 ex
1600 662 1661 700 sui

98 722 256 772 generis
288 721 437 772 granis,
469 720 525 758 sic
551 718 664 758 beata
691 720 766 757 vita
794 731 841 757 ex
867 719 929 757 sui
955 718 1148 757 similibus
1174 719 1352 770 partibus
1380 720 1482 758 effici
1509 719 1660 758 debeat.

98 779 213 825 Quod
246 780 278 817 si
309 780 362 817 ita
394 783 471 829 est,
505 790 552 816 ex
583 777 715 829 bonis,
749 789 847 828 quae
878 777 959 816 sola
984 776 1148 816 honesta
1176 784 1284 829 sunt,
1317 777 1568 817 efficiendum
1601 784 1661 817 est

98 837 273 876 beatum:
307 849 351 875 ea
383 837 503 875 mixta
535 848 582 874 ex
615 834 871 874 dissimilibus
904 837 937 875 si
970 841 1106 887 erunt,
1138 835 1347 874 honestum
1386 849 1433 875 ex
1471 838 1518 875 iis
1558 837 1661 875 effici

97 895 194 934 nihil
224 896 388 946 poterit,
422 906 499 945 quo
533 894 710 933 detracto
744 894 838 945 quid
870 895 1016 946 poterit
1048 894 1207 933 beatum
1238 893 1441 946 intellegi?
1504 894 1659 934 Etenim

97 952 285 1004 quicquid
318 959 394 1005 est,
434 953 537 1004 quod
576 952 724 991 bonum
764 954 832 1005 sit,
871 952 909 992 id
948 952 1213 1004 expetendum
1259 959 1336 1005 est;
1381 953 1485 1004 quod
1530 959 1661 992 autem

97 1011 381 1063 expetendum,
431 1011 468 1050 id
520 1017 627 1050 certe
671 1010 983 1063 adprobandum3
1037 1011 1142 1062 quod
1187 1024 1279 1050 vero
1324 1011 1571 1064 adprobaris,
1622 1012 1661 1050 id

96 1076 252 1122 gratum
284 1076 567 1121 acceptumque
600 1069 841 1109 habendum:
883 1082 976 1121 ergo
1016 1071 1133 1109 etiam
1171 1070 1341 1122 dignitas
1381 1072 1416 1109 ei
1454 1070 1663 1110 tribuenda

98 1135 171 1168 est.
234 1128 346 1173 Quod
392 1130 425 1167 si
468 1130 520 1167 ita
566 1135 642 1179 est,
687 1127 877 1167 laudabile
923 1130 974 1167 sit
1018 1140 1179 1167 neeesse
1227 1135 1304 1168 est:
1349 1129 1495 1168 bonum
1541 1131 1662 1180 igitur

96 1199 212 1226 omne
245 1186 448 1225 laudabile.
510 1186 567 1225 Ex
608 1199 684 1237 quo
724 1187 894 1226 efficitur
933 1192 995 1239 ut,
1033 1187 1138 1237 quod
1177 1189 1227 1226 sit
1267 1187 1496 1240 honestum,
1534 1188 1573 1226 id
1612 1189 1663 1226 sit

96 1245 225 1285 solum
257 1245 415 1284 bonum.

216 1303 328 1350 Quod
360 1305 400 1342 ni
431 1305 484 1342 ita
516 1303 759 1356 tenebimus,
790 1303 910 1343 multa
937 1311 1054 1342 erunt
1087 1316 1184 1355 quae
1218 1304 1330 1343 nobis
1363 1304 1464 1343 bona
1491 1304 1656 1343 dicenda
1676 1291 1730 1332 16

96 1364 193 1402 sint:
236 1363 373 1401 omitto
413 1362 583 1414 divitias,
627 1374 724 1413 quas
769 1375 858 1401 cum
898 1364 1023 1413 quivis
1063 1365 1239 1414 quamvis
1285 1363 1468 1415 indignus
1513 1363 1658 1402 habere

96 1422 238 1473 possit,
268 1422 309 1459 in
341 1420 454 1460 bonis
486 1433 565 1460 non
597 1433 779 1472 numero3
819 1421 924 1472 quod
957 1422 1062 1460 enim
1094 1428 1154 1461 est
1186 1420 1350 1475 bonum,
1393 1421 1432 1461 id
1464 1434 1543 1460 uon
1575 1423 1660 1473 qui—

96 1523 161 1556 λον
190 1520 232 1557 δὲ
260 1519 446 1565 ὦφελεῖη
427 1517 643 1579 ’“βλοὶπτει
644 1519 662 1556 ὁ
684 1522 843 1562 πλοῦτος

94 1568 162 1603 καὶ
205 1565 228 1612 ἡ
274 1566 417 1612 ὑγίεια·
462 1566 534 1603 ου’ν.
578 1566 643 1612 ἄρ’
691 1566 843 1613 αγαθὸν

98 1627 184 1650 ουτε
213 1615 372 1655 πλοῦτος
398 1611 489 1650 ουθ’
517 1612 652 1659 υγιέια.

148 1677 206 1709 45.
232 1674 295 1708 An
325 1674 472 1709 dubitas
503 1675 592 1718 quin
625 1693 668 1699 —
702 1674 845 1709 dubita-

97 1721 198 1755 bisne
242 1731 322 1756 eum
365 1721 534 1755 miserum
577 1720 722 1755 dicere?
772 1721 846 1756 Der

918 1522 1094 1567 seligkeit
1137 1522 1301 1565 ansieht‚
1346 1534 1386 1558 so
1430 1523 1531 1558 kann
1574 1533 1662 1557 man

917 1570 1030 1612 doeh,
1057 1570 1126 1604 wie
1147 1569 1205 1604 die
1224 1569 1501 1614 Peripatetiker
1519 1570 1662 1613 thaten,

918 1617 984 1651 der
1026 1615 1182 1661 Tugend
1235 1616 1316 1651 eine
1366 1617 1661 1661 hervorragende

918 1662 1168 1707 Wichtigkeit
1180 1663 1363 1708 beilegen.
1404 1663 1477 1698 Cic.
1495 1663 1662 1699 schliesst

920 1721 978 1744 so:
1015 1709 1099 1744 ‘Die
1126 1710 1427 1755 Gliiekseligkeit
1460 1710 1560 1745 kann
1590 1722 1662 1745 nur

97 1767 451 1811 vorausgesohickte
494 1767 701 1812 Hauptsatz
751 1767 844 1802 wird

99 1814 196 1849 nach
237 1814 309 1849 den
346 1813 670 1858 eingeschobenen
710 1814 845 1850 S'atzen

97 1860 137 1896 in
163 1861 278 1896 etwas
304 1861 542 1896 veranderter
561 1861 671 1896 Form
692 1861 844 1896 wieder·

98 1908 196 1951 holt3
224 1907 300 1952 vgl.
321 1907 371 1942 IV
392 1911 448 1951 35,
469 1912 513 1943 75
539 1912 579 1943 ut
604 1909 637 1943 si
662 1909 736 1943 iam
762 1909 845 1952 ipsa

97 1955 166 1990 illa
201 1965 374 1990 accusare
406 1955 501 1990 nolis
527 1975 570 1980 ——
596 1955 657 1990 sed
688 1958 729 1990 ut
759 1956 846 1990 haee

97 2002 254 2036 omittas.

158 2048 352 2083 Videamus
370 2059 431 2091 ne,
457 2048 657 2093 iiberlegen
678 2048 745 2083 wir
764 2060 843 2091 uns,

101 2094 151 2129 ob
177 2094 290 2130 nieht.
341 2095 425 2140 Vgl.
451 2095 468 2129 I
494 2099 550 2138 34,
575 2098 619 2130 83
646 2096 726 2130 ‘cide
751 2107 795 2131 ue
820 2107 844 2131 a

98 2142 207 2177 malis
232 2142 307 2177 dici
331 2143 450 2177 verius
473 2143 598 2187 possit.

148 2211 192 2236 ex
217 2200 337 2242 bonis,
362 2211 454 2244 quae
478 2202 555 2236 sola
580 2201 727 2236 honesta
746 2204 843 2244 szmt,

98 2258 169 2282 nur
195 2257 260 2281 aus
293 2246 444 2282 solchen
475 2247 633 2292 Giitern,
671 2247 731 2282 die
763 2248 843 2283 sitt-

101 2293 248 2338 lichgut
272 2293 364 2328 sind.

148 2352 308 2394 beatum,
342 2351 376 2387 d.
403 2352 426 2388 i.
453 2353 652 2395 beatitudo,
684 2352 843 2388 welches

100 2398 211 2434 Wort
230 2397 304 2433 Cic.
331 2409 422 2444 gern
446 2399 667 2442 vermeidet;
694 2399 769 2444 vgl.
797 2399 842 2434 de

102 2445 203 2480 deor.
229 2456 265 2479 n.
290 2445 307 2479 I
333 2449 389 2489 34,
410 2450 454 2481 95
480 2450 546 2481 aut
570 2447 641 2482 ista
667 2447 739 2482 sive
765 2447 843 2482 bea-

100 2493 188 2527 titas
219 2492 291 2527 sive
323 2492 504 2529 beatitudo
535 2494 689 2529 dicenda
723 2498 773 2529 est
798 2514 844 2519 —

101 2542 293 2584 utrumque
325 2540 471 2575 omnino
501 2541 651 2584 durum,
683 2541 744 2576 sed
774 2551 844 2576 usu

100 2586 296 2621 mollienda
321 2586 425 2621 nobis
449 2587 556 2622 verba
580 2591 676 2623 sunt.

150 2655 193 2679 ea
216 2645 350 2687 mixta,
377 2644 541 2679 namlich
567 2645 626 2680 die
653 2644 768 2681 Giiter
792 2646 844 2680 im

104 2690 368 2736 allgemeinen,
394 2702 469 2726 was
493 2702 579 2726 man
600 2691 678 2726 sich
697 2703 764 2727 aus
784 2693 844 2728 bo-

104 2737 181 2780 nis,
206 2749 298 2782 quae
321 2739 399 2774 sola
423 2738 570 2773 honesta
594 2742 680 2773 sunt
715 2743 843 2784 ergan-

104 2794 170 2819 zen
194 2784 299 2820 muss.
327 2785 505 2820 —Wenn
531 2795 616 2819 man
642 2785 700 2820 die
727 2784 845 2820 ausse-

104 2841 171 2865 ren
207 2830 327 2876 Dinge
364 2831 422 2866 fiir
460 2832 566 2876 1ιὸϋὲ
611 2844 672 2866 zm·
711 2830 844 2868 Gltick-

920 1756 985 1792 anf
996 1758 1105 1791 unter
1125 1757 1204 1791 sich
1223 1756 1543 1802 gleiehmassigen‚
1557 1757 1663 1792 nicht

918 1804 983 1839 auf
1018 1814 1058 1838 so
1097 1803 1484 1849 verschiedenartigen
1515 1804 1664 1849 Dingen

917 1850 986 1885 wie
1025 1850 1181 1895 Tugend
1211 1850 1286 1885 und
1321 1850 1464 1886 {iussere
1490 1851 1662 1896 Vorziige

918 1897 1017 1940 sind,
1050 1898 1230 1941 beruhen,
1263 1898 1342 1933 also
1378 1898 1567 1933 entweder
1599 1897 1668 1933 auf

919 1945 984 1979 der
1010 1944 1165 1989 Tugend
1190 1945 1279 1980 oder
1310 1945 1382 1979 den
1414 1944 1561 1979 aussern
1589 1945 1663 1980 Gii—

918 1993 1010 2026 tern.
1062 1992 1130 2025 Die
1171 1991 1325 2035 Tugend
1363 1991 1413 2027 ist
1450 1992 1556 2035 aber,
1591 1991 1662 2027 wie

919 2038 1120 2083 allgemein
1151 2038 1359 2073 anerkannt
1383 2038 1493 2081 wird,
1532 2041 1662 2074 unent-

914 2084 1103 2126 behrh'eh,
1129 2085 1286 2130 folglieh
1312 2085 1410 2120 muss
1436 2085 1503 2120 auf
1524 2084 1582 2120 ihr
1602 2085 1663 2120 die

918 2132 1217 2177 Gliiekseligkeib
1242 2131 1355 2167 allein
1382 2132 1572 2167 beruhen.'

963 2179 1132 2220 Etenim,
1170 2191 1194 2213 s.
1223 2191 1252 2213 z.
1279 2179 1330 2213 111
1356 2182 1396 2223 9,
1423 2183 1479 2214 20.
1529 2179 1579 2213 IV
1607 2184 1663 2223 17,

916 2229 973 2260 40.
1023 2226 1097 2260 Der
1117 2225 1261 2260 Beweis
1287 2225 1337 2260 ist
1356 2225 1560 2271 eigentlieh
1580 2226 1661 2261 eine

916 2272 1212 2317 XViederholung
1238 2272 1300 2307 des
1327 2273 1422 2307 oben
1446 2273 1664 2317 gegebenen

916 2323 1023 2364 atque
1057 2320 1164 2354 etiam
1198 2330 1300 2355 mnne
1333 2321 1465 2355 bonum
1497 2321 1664 2355 laetabile

915 2370 964 2401 est
990 2367 1078 2409 eet,
1115 2378 1184 2401 nur
1226 2367 1296 2401 mit
1339 2368 1453 2401 etwas
1499 2366 1663 2402 anderen

916 2413 1285 2458 Zwischengliedern.
1336 2413 1421 2470 Vgl.
1460 2413 1559 2448 Stob.
1595 2414 1663 2448 eol.

915 2461 949 2494 II
974 2472 1009 2514 p.
1038 2464 1104 2495 126
1129 2460 1195 2495 καὶ
1220 2461 1297 2495 πᾶν
1316 2473 1399 2515 μεν
1425 2457 1578 2504 αγαθὸν
1604 2458 1661 2494 αἵ-

916 2504 1028 2561 ρετόν
1053 2505 1168 2550 εἶναι,
1194 2504 1354 2565 ἀρεστὸν
1373 2505 1444 2551 γὰρ
1471 2507 1534 2541 καὶ
1561 2508 1663 2542 δοκι

917 2566 1058 2598 μᾱσῑον
1101 2567 1166 2588 ’και
1210 2551 1410 2589 ἐπαινετὸν
1462 2551 1658 2598 ὑπάρχέιθ.

917 2600 1001 2644 Vgl.
1022 2600 1071 2635 ib.
1092 2613 1126 2645 p.
1148 2604 1230 2636 202.
1271 2600 1530 2645 Plut.st.1·.ep
1553 2605 1661 2635 e.13.

964 2647 1046 2692 Kap
1022 2659 1057 2692 p.
1079 2647 1142 2683 16.
1170 2651 1226 2683 46.
1246 2658 1321 2682 ‘non
1340 2648 1460 2692 quivis
1478 2648 1606 2682 habere
1624 2658 1661 2690 p.

916 2693 992 2728 Das
1006 2694 1142 2729 VVesen
1162 2694 1225 2729 des
1240 2694 1361 2730 Guten
1379 2693 1529 2729 besteht
1543 2693 1661 2735 darin,

917 2740 999 2775 dass
1036 2751 1074 2775 es
1114 2741 1185 2775 den
1210 2741 1373 2775 Besitzer
1411 2743 1477 2784 gut
1515 2739 1658 2781 macht3

918 2787 1049 2821 darum
1068 2787 1169 2822 kann
1188 2799 1257 2822 nur
1277 2787 1340 2822 der
1362 2786 1456 2821 Gute
1477 2786 1542 2821 das
1563 2786 1659 2821 Gute

918 2834 1091 2869 besitzen.
