1817 3103
301 51 694 87 TUSCULANARUM
720 51 1117 86 DISPUTATIONUM
1144 53 1168 87 1.
1200 58 1264 88 116
1275 74 1308 78 Ἀ
1317 58 1332 88 1
1341 58 1393 88 19.
1566 53 1620 94 69

73 163 246 201 omnium
273 163 541 201 constitutum.
592 162 1656 260 QQQQ

73 233 226 275 sumus²
258 220 324 259 sed
357 220 533 272 profecto
566 221 640 259 suit
672 232 768 271 quae
799 232 858 258 am
891 221 965 271 vis,
999 232 1095 271 quae
1129 223 1262 271 generi
1295 234 1416 260 consu
1435 228 1520 260 eret
1551 222 1621 261 hu·

71 291 186 318 mano
218 291 290 317 nec
328 279 366 317 id
405 281 582 330 gigneret
619 285 686 318 aut
723 278 861 330 aleret,
900 278 1003 329 quod
1042 290 1131 317 cum
1170 279 1449 318 exanclavisset
1485 292 1620 319 omnes

71 337 241 389 labores,
274 343 355 376 tum
387 337 578 376 incideret
609 339 648 376 in
681 339 818 376 mortis
849 337 992 376 malum
1026 339 1326 388 sempiternum:
1363 344 1521 388 portum
1553 351 1618 389 po-

71 398 150 435 tius
181 402 360 448 paratum
391 396 503 435 nobis
535 402 574 435 et
605 397 826 447 perfugium
858 402 1053 447 putemus.
1116 396 1201 441 Quo
1234 397 1382 434 utinam
1411 396 1503 434 velis
1534 406 1690 447 pas-119

72 456 126 494 sis
156 454 316 506 pervehi
348 454 478 494 liceat!
521 457 581 493 sin
620 454 848 493 reflantibus
887 455 1011 493 ventis
1049 456 1276 506 reiciemur,
1316 460 1445 492 tamen
1485 455 1622 493 eodem

70 513 185 565 paulo
212 513 362 552 tardius
388 514 605 552 referamur
631 525 791 552 neeesse
824 519 894 551 est.
957 513 1068 558 Quod
1096 519 1226 552 autem
1252 512 1433 551 omnibus
1461 525 1621 552 necesse

72 577 149 624 est,
180 571 270 611 idne
302 574 490 611 miserum
522 584 607 611 esse
641 574 708 610 uni
740 569 898 623 potest?

189 630 317 669 Habes
349 630 560 683 epilogum,
602 643 649 669 ne
690 630 781 681 quid
815 631 1136 682 praetermissum
1175 636 1241 669 aut
1279 629 1459 669 relictum
1497 635 1621 681 putes.

72 691 117 727 A.
155 688 236 740 Ego
271 702 378 742 vero,
417 695 456 728 et
494 689 651 740 quidem
689 690 782 728 fecit
819 690 935 728 etiam
972 691 1046 728 iste
1085 701 1145 727 me
1185 689 1360 740 epilogus
1399 690 1622 727 firmiorem.

72 748 127 786 M.
155 747 327 800 Optime,
358 749 535 800 inquam;
569 748 635 787 sed
669 760 773 787 nunc
800 747 957 798 quidem
984 747 1195 786 valetudini
1221 747 1439 786 tribuamus
1467 747 1623 799 aliquid,

71 818 158 845 cras
189 812 320 846 autem
352 813 390 845 et
422 813 517 858 quot
548 806 630 845 dies
662 808 809 845 erimus
841 808 880 845 in
912 806 1154 858 Tusculano,
1192 818 1349 858 agamus
1381 806 1476 845 haec
1510 812 1548 845 et
1580 818 1623 844 ea

69 866 337 917 potissimum,
381 877 479 916 quae
524 865 756 904 levationem
800 865 968 904 habeant
1006 865 1313 917 aegritudinum,
1358 865 1623 917 formidinum,

69 923 343 976 cupiditatum,
376 926 443 975 qui
475 925 580 963 omni
612 937 634 963 e
664 924 908 976 philosophia
940 931 1000 963 est
1032 925 1184 963 fructus
1215 923 1451 963 uberrimus.

116 1041 194 1072 119.
228 1037 288 1072 sin
311 1038 541 1081 reflantibus:
578 1038 637 1072 sin
662 1037 809 1073 beziehb

68 1083 148 1118 sich
172 1084 304 1118 immer
322 1085 388 1119 auf
405 1085 486 1119 eine
505 1085 806 1129 vorausgehende

67 1129 288 1176 Bedingung
319 1131 502 1176 (Seyffert.
530 1132 551 1167 1.
581 1132 639 1167 Gr.
666 1135 685 1174 ξ
706 1133 806 1176 273);

67 1177 193 1222 haufig
212 1178 300 1212 aber
323 1177 372 1213 ist
393 1178 490 1213 diese
510 1178 547 1212 in
568 1178 639 1213 den
658 1189 806 1213 vorans-

67 1224 259 1270 gehenden
302 1224 457 1260 Worten
502 1225 697 1260 versteckt.
758 1225 806 1260 So

0 1267 1 1306 j
67 1271 167 1306 steht
190 1271 270 1306 hier
293 1273 371 1315 sin,
396 1272 452 1306 als
471 1272 518 1307 ob
541 1272 804 1318 vorausginge:

67 1319 99 1353 si
112 1319 234 1363 passis
252 1319 339 1354 velis
352 1320 499 1364 pervehi
519 1320 635 1362 liceat,
658 1321 807 1364 optatis—

66 1366 197 1400 simum
222 1369 287 1408 est,
313 1367 372 1401 sin
397 1368 483 1410 oet„
510 1378 535 1401 s.
562 1379 591 1401 z.
613 1366 646 1401 V
665 1370 684 1409 ἓ
712 1370 789 1401 117.

116 1412 220 1458 Quod
251 1416 368 1448 autem
399 1415 466 1449 cet.
516 1413 564 1449 M.
591 1412 676 1448 Ant.
703 1413 736 1447 V
763 1417 807 1448 22

57 1455 104 1495 uO
122 1460 164 1506 τῇ
185 1457 291 1495 πόλει
311 1457 380 1495 οὐκ
401 1459 476 1496 ἔστι
496 1458 695 1506 βλαβερόν,
717 1458 806 1496 οὐδὲ

66 1504 132 1541 τὸν
157 1507 309 1551 πολίτην
336 1506 499 1554 βλάπτει.

114 1564 175 1599 eqo
199 1565 297 1598 vero,
323 1567 349 1590 s.
377 1559 415 1599 6,
443 1559 496 1590 10.

114 1602 264 1646 inquam
288 1601 380 1636 wird
410 1601 669 1648 hinzugeffigt,
701 1613 807 1637 wenn

881 1038 946 1072 das
984 1037 1296 1082 Vorhergehende
1351 1048 1623 1082 zusammenge—

880 1084 968 1120 fasst
993 1085 1067 1119 und
1087 1085 1156 1118 mjt
1175 1084 1294 1119 einem
1308 1085 1437 1120 Worte
1457 1085 1544 1119 kurz
1564 1084 1624 1119 be-

880 1132 1047 1166 zeichnet
1072 1131 1173 1166 wird.
1225 1131 1257 1165 V
1284 1134 1339 1174 28,
1366 1136 1411 1167 80
1440 1131 1543 1166 dabit
1568 1132 1623 1166 in-

879 1190 996 1223 quam.
1048 1179 1093 1213 de
1126 1189 1176 1213 or.
1214 1178 1265 1212 ΙΙΙ
1304 1183 1361 1221 56,
1399 1182 1466 1213 213
1504 1179 1622 1220 Actio,

877 1226 1045 1270 inquam,
1071 1226 1113 1259 i‘n
1137 1226 1288 1260 dicendo
1307 1237 1383 1260 una
1402 1226 1622 1260 dominatur.

880 1272 924 1307 de
951 1284 1022 1308 am.
1050 1276 1107 1315 32,
1133 1276 1178 1307 84
1218 1273 1321 1307 Haec
1357 1276 1424 1315 est,
1461 1274 1623 1317 inquam,

881 1320 1047 1362 societas,
1071 1320 1113 1354 in
1132 1331 1205 1364 qua
1224 1320 1346 1355 onmia
1364 1321 1508 1362 insunt,
1534 1331 1625 1364 quae

875 1370 1013 1411 putant
1049 1367 1207 1401 homines
1244 1368 1449 1411 expetenda.
1500 1366 1625 1401 Etwas

881 1413 1036 1449 anderes
1061 1414 1111 1448 ist
1137 1425 1193 1457 es,
1221 1425 1328 1449 wenn
1352 1413 1414 1448 bei
1440 1413 1505 1448 der
1523 1413 1623 1448 Wie-

880 1461 1088 1505 derholung
1102 1460 1293 1496 desselben
1307 1461 1457 1496 Wortes
1474 1462 1625 1506 inquam

879 1508 1124 1554 hinzugefiigt
1148 1509 1251 1544 wird.
1302 1508 1405 1544 Verr.
1426 1508 1459 1543 V
1480 1512 1534 1551 62,
1557 1511 1622 1542 162

880 1566 989 1598 crux,
1015 1566 1124 1599 crux,
1151 1557 1318 1601 inquam,
1345 1556 1484 1599 infelici
1509 1559 1540 1590 et
1566 1566 1622 1590 ae-

880 1613 1048 1638 rumnoso
1074 1623 1116 1628 —-
1144 1603 1432 1648 comparabatur.
