1817 3103
277 57 671 161 'QSCULKNARUM
698 95 1095 132 DISPUTATIONUM
1122 99 1146 133 1.
1176 104 1324 135 (ις-τι.
1522 102 1577 142 43

281 162 296 175 Ι,

30 209 89 249 vel
122 209 153 246 si
186 217 340 256 semper
374 206 550 257 suerunt,
584 211 626 244 ut
657 205 857 244 Aristoteli
890 206 1033 257 placet,
1066 208 1286 246 moderator
1321 213 1415 249 tanti
1448 213 1578 262 operis

29 274 69 308 et
99 262 302 305 muneris?
363 264 427 302 Sic
466 269 636 302 mentem
670 264 854 316 hominis,
896 267 1069 315 quamvis
1109 278 1193 304 eam
1232 279 1308 305 non
1349 269 1494 320 videas,
1537 277 1578 308 ut

28 327 144 366 deum
176 334 252 362 uon
286 323 408 373 videm
441 327 587 373 tamen,
627 329 670 362 ut
701 322 815 362 deum
849 323 1053 374 adgnoscis
1085 337 1132 363 ex
1164 324 1349 375 operibus
1382 328 1483 377 eius,
1522 330 1575 366 sic

28 397 75 425 ex
107 383 292 421 memoria
325 393 457 420 rerum
490 387 529 420 et
561 383 782 420 inventione
815 388 853 420 et
886 382 1084 421 celeritate
1118 390 1246 434 motus
1278 386 1460 434 omnique
1496 387 1576 435 pul-

27 440 249 483 chritudine
283 442 438 479 virtutis
471 441 547 478 vim
578 440 744 478 divinam
778 442 919 479 mentis
951 433 1188 492 adgnoscito.

144 499 186 538 ln
219 512 295 550 quo
328 500 447 550 igitur
478 498 562 537 loco
595 496 682 537 est‘?
720 499 844 537 Credo
878 499 1057 550 equidem
1092 502 1129 538 in
1163 502 1287 551 capite
1321 507 1359 538 et
1391 514 1462 539 cur
1495 514 1575 540 cre-

27 561 115 600 dam
147 557 299 597 adferre
332 569 502 609 possum.
567 557 641 595 Sed
675 557 785 610 ali-235,
818 557 885 611 nbi
918 560 968 597 sit
1000 560 1169 610 animus;
1208 565 1314 597 certe
1348 560 1504 610 quidem
1538 563 1575 599 in

28 625 66 659 te
104 625 173 657 est.
236 617 341 663 Quae
387 622 446 654 est
490 617 524 654 ei
569 613 736 655 natura?
784 617 966 668 Propria,
1010 624 1122 669 puto,
1168 623 1206 656 et
1250 630 1330 657 sua.
1394 619 1469 657 Sed
1519 620 1576 658 sac

24 680 194 730 igneam,
233 677 291 714 sac
324 674 564 726 spirabilem:
604 674 698 713 nihil
731 675 776 713 ad
810 675 866 727 id,
905 675 951 714 de
992 688 1068 726 quo
1107 678 1267 727 agimus.
1331 677 1427 716 Illud
1462 678 1575 716 modo

23 737 169 787 videto,
209 741 250 773 ut
288 734 404 772 deum
443 735 566 785 noris,
606 735 678 772 etsi
717 735 802 772 eius
841 735 997 785 ignores
1031 741 1069 773 et
1100 735 1228 774 locum
1261 741 1299 774 et
1332 736 1486 788 faciem,
1520 739 1575 775 sic

22 797 194 836 animum
227 792 298 832 tibi
331 798 440 831 tuum
474 798 610 831 notum
643 804 728 831 esse
761 799 956 844 oportere,
989 795 1104 832 etiam
1138 796 1170 832 si
1196 795 1353 845 ignores
1381 802 1419 833 et
1446 795 1574 834 locum

21 861 62 894 et
98 854 271 891 formam.
334 851 375 889 ln
422 852 537 889 animi
583 858 710 890 autem
757 853 977 902 cognitione
1017 852 1195 891 dubitare
1237 866 1312 891 non
1352 866 1573 906 possumus,

22 914 96 952 nisi
133 911 245 963 plane
283 911 322 948 in
360 910 532 961 physicis
566 909 742 966 Ill-“Q
781 922 934 963 sumus,
979 913 1072 962 quin
1113 911 1206 950 nihil
1246 914 1295 951 sit
1333 914 1471 951 animis
1511 914 1572 952 ad-

22 973 185 1011 mixtum
218 968 313 1008 nihil
346 974 586 1020 concretum,
619 966 714 1007 nihil
741 969 965 1020 copulatum
999 970 1093 1008 nihil
1121 977 1446 1023 coagmentatum,
1480 973 1573 1011 nihil

19 1029 180 1082 duplex:
219 1028 321 1079 quod
361 1040 449 1066 cum
482 1029 534 1066 ita
567 1029 633 1079 sit,
673 1035 780 1066 certe
819 1040 891 1067 nec
924 1031 1076 1067 secerni
1116 1042 1188 1068 nec
1220 1030 1355 1081 dividi,
1395 1044 1465 1070 nec
1499 1032 1573 1069 dis-

20 1089 128 1140 cerpi
172 1099 244 1126 nec
288 1086 452 1125 distrahi
489 1092 634 1138 potest,
679 1099 726 1125 ne
767 1088 929 1126 interire
969 1090 1124 1136 quidem
1167 1090 1296 1139 igitur.
1361 1089 1430 1129 Est
1469 1092 1572 1129 enim

18 1147 203 1187 interitus
235 1147 345 1197 quasi
377 1145 573 1184 discessus
606 1151 645 1184 et
677 1147 843 1202 secretio
884 1158 927 1185 ac
965 1120 1202 1198 diremptus0
1223 1160 1357 1186 earum
1391 1151 1572 1200 partium

16 1218 117 1258 quae
150 1210 216 1243 ant
219 1217 238 1243 e
271 1205 473 1254 intelitum
506 1205 704 1242 iunctione
737 1204 862 1255 aliqua
896 1204 1141 1244 tenebantur

136 1262 205 1302 His
249 1269 288 1302 et
331 1262 472 1301 talibus
516 1262 732 1301 iationibus
783 1263 973 1302 adductus
1019 1263 1200 1303 Socrates
1248 1277 1318 1303 nec
1364 1272 1570 1315 patronum

17 1323 209 1376 quaesivit
240 1322 286 1360 ad
319 1321 504 1360 iudicium
537 1323 674 1373 capitis
706 1334 779 1360 nec
805 1322 1000 1361 iudicibus
1027 1323 1189 1374 supplex
1218 1324 1290 1362 suit
1316 1323 1570 1375 adhibuitque

17 1382 178 1422 liberam
216 1382 498 1419 contumaciam
539 1392 558 1418 a
592 1380 855 1432 magnitudine
894 1383 1012 1420 animi
1044 1382 1216 1434 ductam,
1259 1395 1336 1421 non
1376 1395 1395 1421 a
1435 1395 1570 1434 super-

18 1441 96 1493 bia,
135 1446 173 1479 et
204 1451 387 1491 supremo
420 1440 519 1477 vitae
558 1439 618 1477 (lie
658 1439 705 1477 de
738 1439 810 1478 hoc
849 1442 932 1491 ipso
966 1440 1086 1479 multa
1119 1441 1321 1493 disseruit,
1361 1448 1399 1480 et
1435 1444 1570 1493 paucis

826 1542 1002 1584 nahmen,
1042 1543 1179 1577 setzten
1218 1543 1329 1578 meist
1371 1544 1443 1578 den
1482 1543 1569 1579 den-

64 1542 268 1577 Aristoteli:
294 1541 339 1576 de
366 1541 455 1575 cael.
482 1541 515 1575 II
544 1545 560 1575 1
580 1538 659 1576 Οτι
685 1540 753 1596 μὲν

826 1589 970 1624 kenden
997 1588 1077 1624 Teil
1102 1590 1190 1630 νοῦς
1216 1590 1253 1624 in
1280 1590 1350 1625 den
1375 1591 1483 1636 Kopf.

17 1584 85 1626 οὖν
119 1585 204 1624 οὔτε
241 1588 395 1632 γέγονεν
431 1584 449 1622 ὁ
486 1588 558 1628 πᾶς
593 1585 754 1631 οὐρανὸς

15 1633 96 1673 ουτ’
125 1634 330 1691 ἐνδέχεται
346 1635 556 1692 φθαρῆναι,
576 1633 753 1678 καθάπερ

14 1682 114 1724 τινές
140 1695 272 1738 motam,
282 1679 417 1725 αὐτὸν,
451 1679 531 1716 ἀλλ’
569 1681 667 1717 ἔστιν
700 1686 753 1722 εἰς

15 1745 79 1768 και
106 1727 226 1770 ἀΐδιος
251 1725 368 1774 ἀρχὴν
395 1742 463 1784 μεν
489 1729 552 1763 καὶ
578 1727 752 1773 τελευτὴν

14 1775 85 1815 οὐκ
113 1776 206 1822 ἔχων
231 1790 296 1812 του
324 1774 464 1816 παντὸς
489 1775 678 1820 αἰῶνος,”
658 1789 752 1820 εχων

15 1839 53 1862 2'8
80 1837 144 1860 καί
169 1823 351 1868 περιέχων
379 1821 419 1858 ἐν
441 1821 540 1869 αὐτῷ
563 1837 629 1858 τον
649 1821 754 1858 ἄπει·

14 1886 81 1917 ρον
106 1870 240 1916 χρόνον
273 1869 314 1907 ἐκ
346 1871 419 1905 τῶν
446 1861 651 1916 εἰρημένων
679 1869 753 1905 ἔστι

14 1921 153 1966 λαβεῖν.

61 1965 450 2018 ηιαῃα3,3183111;11311
488 1965 547 2000 die
575 1965 753 2010 Leistung

12 2015 79 2050 der
115 1993 248 2048 Adil'en
294 2012 331 2046 in
375 2012 523 2057 Spielen
566 2012 640 2047 und
684 2012 752 2047 Ge-

15 2061 179 2105 handen,
204 2060 273 2094 wie
301 2059 453 2104 Tempel
480 2060 555 2094 und
580 2060 751 2102 Theater,

14 2107 229 2144 bestehend.
281 2107 325 2141 de
363 2107 460 2142 deor.
488 2108 563 2142 nat.
590 2107 605 2140 I
638 2111 677 2151 9,
707 2088 751 2141 22’

12 2156 108 2201 quod
150 2155 411 2198 concupisceret
452 2155 539 2189 deus
579 2155 753 2189 mundum

12 2203 128 2248 siquis
152 2205 184 2236 et
212 2201 410 2236 luminibus
441 2205 623 2245 tamquam
655 2202 752 2236 aedi-

13 2249 60 2285 lis
89 2259 230 2284 ornare.
278 2249 331 2284 Ib.
358 2251 398 2292 8,
426 2252 468 2282 19
500 2249 564 2293 qm·
593 2249 753 2283 ministri

14 2297 110 2332 tanti
133 2296 293 2330 muneris
315 2296 475 2339 fuerunt.

59 2344 133 2378 vim
158 2343 330 2378 divinam.
368 2343 511 2387 Wegen
537 2342 601 2377 der
627 2342 751 2387 L‘z'mge

13 2390 78 2426 des
104 2389 410 2425 Zwischensatzes
441 2388 534 2423 wird
567 2388 625 2423 die
655 2389 751 2423 Kon-

15 2436 200 2473 struktion
220 2437 407 2481 ge'andert.
446 2435 519 2471 Cio.
539 2437 642 2471 hatte
663 2436 751 2471 fort-

13 2483 143 2520 fahren
174 2484 290 2520 sollen
323 2484 487 2519 divinam
518 2494 588 2518 esse
617 2484 750 2529 adquo-

12 2532 110 2567 scito.

59 2577 152 2623 Kap.
190 2577 254 2613 29.
304 2579 344 2613 in
381 2578 518 2622 eapite:
568 2577 749 2622 Chrysipp

13 2624 90 2660 und
126 2624 185 2661 die
229 2625 371 2660 alteren
408 2625 555 2660 Stoiker
594 2625 749 2668 lehi-ten,

14 2671 79 2706 der
99 2671 173 2707 Sitz
197 2671 262 2707 der
283 2672 387 2707 Seele
414 2672 467 2707 sei
489 2672 527 2706 in
546 2672 611 2706 der
629 2672 749 2714 Brust,

14 2717 210 2754 besonders
248 2730 313 2754 aus
351 2719 435 2754 dem
461 2719 627 2763 Grunde,
665 2718 751 2753 weil

13 2764 73 2800 die
105 2765 258 2801 Stimme
290 2766 440 2801 dorther
471 2766 630 2809 kommt,
662 2766 751 2801 aber

15 2812 159 2856 sp'a'ssere
186 2811 342 2857 swiker,
369 2813 508 2848 welche
533 2813 629 2847 nach
642 2812 750 2848 Plato

15 2857 96 2894 eine
121 2858 279 2904 Teilung
309 2860 373 2895 der
403 2859 656 2895 Seelenkrtifte
690 2871 752 2894 an-

872 1637 967 1671 m‘hil
992 1637 1041 1672 ad
1064 1637 1121 1679 id,
1146 1637 1309 1672 nfimlich
1329 1639 1497 1682 pertinet.

875 1687 928 1717 71.
951 1684 1114 1727 plumbei
1138 1683 1172 1720 d.
1193 1684 1215 1719 i.
1242 1685 1376 1727 stolidi,
1403 1686 1472 1720 wie
1499 1687 1566 1722 wir

828 1730 1008 1765 ‘holzern’
1042 1731 1100 1765 fiir
1135 1731 1408 1776 ‘ungeschickt’
1443 1744 1567 1779 sagen.

826 1777 906 1811 Ter.
933 1777 1064 1812 Heaut.
1094 1778 1124 1812 V
1153 1783 1183 1821 l,
1210 1783 1230 1813 3
1263 1780 1407 1823 quidvis
1437 1781 1565 1815 harum

827 1835 946 1859 rerum
972 1826 1152 1867 convenit,
1178 1837 1270 1869 quae
1293 1830 1379 1861 sunt
1404 1828 1502 1862 dicta
1528 1829 1568 1862 in

826 1872 946 1914 stulto,
973 1873 1123 1915 caudex,
1148 1874 1269 1917 stipes,
1291 1875 1428 1915 asinus,
1443 1875 1564 1919 plum-

827 1919 920 1953 beas

871 1966 966 2000 ‘nihil
996 1966 1130 2010 dupleae
1167 1966 1217 2001 ist
1248 1967 1313 2002 das
1346 1968 1567 2014 allgemeine

826 2012 949 2054 Glied,
982 2013 1019 2048 in
1045 2013 1128 2048 dem
1154 2013 1213 2048 die
1240 2016 1567 2060 vorausgehenden

826 2060 916 2094 zwei
940 2040 1059 2095 'Paare
1096 2062 1446 2107 zusammengefasst
1477 2075 1565 2098 wer-

825 2107 913 2149 den;
946 2107 1030 2142 dem
1061 2109 1302 2152 entsprechen
1335 2109 1394 2143 die
1421 2109 1564 2154 folgen-

825 2154 896 2188 den
926 2154 1012 2189 ffinf
1039 2155 1162 2190 Verba
1193 2157 1328 2190 secerni
1361 2177 1403 2181 —
1437 2169 1479 2191 ne
1510 2158 1564 2192 in-

824 2202 930 2235 terire
949 2202 1102 2245 quidem,
1122 2213 1178 2236 wo
1199 2202 1236 2236 in
1256 2203 1421 2247 gleicher
1440 2204 1565 2239 Weise

825 2248 913 2282 zwei
944 2249 1086 2283 Paaren
1121 2249 1186 2283 (135
1219 2249 1468 2296 Schlussglied
1502 2263 1565 2286 an-

825 2295 955 2341 gefiigb
979 2295 1081 2330 wird.

870 2344 1015 2377 secretio
1047 2354 1089 2377 ae
1120 2343 1318 2387 diremptus
1350 2345 1497 2380 werden
1521 2358 1565 2380 zu

825 2389 945 2424 einem
995 2389 1152 2435 Begriffe
1205 2392 1563 2436 zusammengefasst,

828 2436 1081 2481 ‘gewaltsame
1118 2437 1345 2483 Trennung’,
1384 2440 1458 2473 und
1493 2440 1563 2474 clis-

825 2494 940 2518 cessus
965 2485 1177 2529 gegem'iber
1202 2486 1364 2529 gestent.

870 2542 933 2566 nec
955 2536 1170 2575 patronum:
1208 2532 1335 2576 Lysias
1367 2533 1471 2568 hatte
1499 2533 1563 2568 So-

823 2578 948 2613 krates
974 2578 1055 2612 eine
1081 2578 1456 2624 Verteidigungsrede
1482 2591 1563 2615 aus-

821 2625 1044 2670 gearbeitet,
1082 2625 1140 2659 die
1167 2636 1207 2660 er
1231 2626 1357 2661 lernen
1381 2627 1456 2661 und
1482 2638 1563 2661 vor-

822 2674 953 2717 tragen
966 2672 1085 2715 sollte,
1094 2683 1133 2707 er
1146 2673 1233 2707 wies
1249 2673 1299 2708 sie
1315 2674 1403 2708 aber
1416 2673 1561 2708 zuriick.

870 2720 912 2754 de
947 2720 1011 2753 hoc·
1047 2720 1141 2763 ipso,
1179 2720 1270 2754 iiber
1301 2720 1360 2754 die
1386 2720 1562 2755 Unsterb-

824 2766 979 2801 lichkeit
1018 2766 1082 2800 der
1118 2766 1222 2800 Seele
1266 2766 1429 2801 n'amlieh
1467 2767 1562 2802 nach

825 2813 918 2847 Plat.
946 2812 1074 2847 Phado
1100 2816 1118 2853 ξ
1146 2817 1200 2847 57.

867 2861 999 2904 paucis
1041 2860 1175 2894 diebus.
1234 2859 1463 2905 Ampielung
1500 2861 1564 2895 anf

1592 498 1645 539 20
