1790 3103
198 98 251 138 10
710 96 758 132 M.
785 97 948 132 TULLII
975 96 1226 132 CICERONIS

110 216 118 258 ῥ’
196 221 272 247 uon
311 209 433 259 possit
471 209 629 246 insania.

108 260 113 304 Ῐ
164 273 279 308 Ἰ111111
311 272 563 305 revertamur.

139 301 180 379 13
313 325 479 377 Cadere,
520 327 675 377 opinor,

694 207 770 246 Sed
809 208 903 246 baec
943 207 1012 246 alia
1053 209 1228 258 quaestio
1267 214 1342 246 est:
1382 221 1453 247 nos
1493 208 1539 246 ad
1571 212 1746 260 proposi-

713 327 751 363 in
785 327 999 376 sapIentem
1032 324 1317 375 aegritudinem
1350 324 1420 363 tibi
1452 325 1583 364 dixisti
1615 325 1747 366 videri.

196 386 240 423 Α.
273 384 321 423 Et
354 397 443 423 vero
477 386 528 422 ita
560 385 763 422 existumo
826 384 880 421 Jl.
913 383 1133 421 Humanum
1166 383 1204 421 id
1237 382 1410 434 quidem,
1449 383 1550 434 quod
1583 385 1635 423 ita
1667 386 1743 424 exi-

196 449 360 495 stumas;
406 455 482 481 non
526 444 629 481 enim
668 442 774 480 siIIce
819 444 898 480 nati
943 454 1095 493 sumus,
1139 442 1206 480 sed
1251 446 1311 479 est
1355 447 1492 480 natura
1529 443 1570 480 in
1610 444 1747 482 animis

196 508 375 540 tenerum
409 501 589 552 quiddam
628 507 743 551 atque
777 501 908 552 molle,
947 500 1049 551 quod
1088 500 1331 551 aegritudine
1376 502 1487 551 quasi
1518 507 1746 552 tempestate

196 562 402 612 quatiatur.
464 559 543 598 Nec
582 559 748 598 absurde
782 559 946 597 Crantor
986 559 1068 611 ille,
1106 560 1171 609 qui
1209 560 1248 597 in
1287 564 1420 597 nostra
1451 559 1655 598 Academia
1688 559 1747 599 vel

195 621 235 658 in
273 620 408 686 primis
448 619 521 657 suit
558 618 720 669 nobilis,
765 615 954 656 Minime'
999 619 1125 668 inquit
1164 615 1375 656 ‘adsentior
1417 619 1482 669 iis,
1526 619 1592 669 qui
1634 620 1747 657 istam

196 679 328 716 nescio
367 689 482 728 quam
520 677 772 715 indolentiam
811 689 948 727 magno
988 689 1106 743 opeie
1143 676 1317 726 laudant,
1363 688 1460 726 quae
1504 689 1577 715 nec
1619 683 1748 728 potest

196 736 272 775 ulla
304 748 389 774 esse
423 748 495 774 nec
531 728 659 774 debet.
721 725 777 774 Ne
817 741 999 786 aegiotus
1040 737 1129 774 sim:
1167 736 1216 787 si,
1255 736 1398 785 iuquit,
1438 736 1567 787 suero,
1608 748 1747 775 sensus
1787 753 1790 768 1

196 795 306 846 adsit,
339 796 417 834 sive
451 800 607 833 secetur
640 795 732 845 quid
765 796 844 833 sive
864 767 1063 832 avellatur
1095 807 1115 832 a
1152 806 1327 845 cor.p0re
1390 793 1486 832 Nam
1517 795 1619 832 istuc
1651 793 1747 833 nihil
1787 778 1790 842 l

196 853 327 892 dolere
370 866 447 892 non
489 855 571 891 sine
614 865 750 903 magna
789 852 968 891 mercede
1009 854 1215 903 contingit,
1257 854 1493 891 inmanitatis
1531 854 1571 891 in
1609 854 1748 901 animo,

161 914 369 964 3stuporis
406 914 445 951 in
486 908 678 963 corpore.'
742 911 818 949 Sed
853 911 1049 950 videamus
1088 924 1136 950 ne
1175 911 1270 950 haec
1312 912 1435 949 oratio
1468 913 1517 949 sit
1548 911 1748 950 hominum

197 971 484 1010 adsentantium
517 976 673 1008 nostrae
713 969 955 1008 inbecillitati
993 976 1031 1008 et
1069 970 1355 1020 indulgentium
1388 969 1638 1022 mollitudini,
1678 982 1748 1009 1105

195 1036 324 1068 autem
352 1029 562 1068 audeamus
589 1041 666 1066 non
694 1028 819 1067 solum
848 1040 974 1066 ramos
1002 1035 1201 1077 amputare
1235 1029 1490 1080 miseriarum,
1516 1028 1584 1066 sed
1613 1041 1748 1068 omues

195 1089 370 1127 radicum
412 1087 527 1126 fibras
573 1087 748 1126 evellere.
810 1086 957 1125 Tamen
1001 1086 1145 1138 aliquid
1187 1087 1432 1137 relinquetur
1476 1087 1657 1126 sortasse:
1697 1089 1749 1126 ita

196 1153 287 1186 sunt
326 1147 422 1185 altae
463 1147 605 1197 stirpes
644 1146 851 1198 stultitiae,
891 1145 958 1184 sed
996 1145 1241 1197 relinquetur
1281 1145 1317 1183 id
1351 1145 1494 1197 solum,
1533 1146 1636 1196 quod
1674 1147 1749 1185 erit

195 1207 471 1245 necessarium.
533 1205 631 1244 Illud
673 1205 829 1256 quidem
871 1206 926 1243 sic
968 1204 1125 1255 habeto,
1173 1206 1248 1243 nisi
1296 1209 1453 1242 sanatus
1495 1206 1646 1243 animus
1688 1206 1750 1257 sit,

194 1264 298 1316 quod
337 1266 420 1303 sine
454 1263 695 1315 philosophia
734 1265 819 1302 fieri
859 1276 935 1302 non
975 1270 1121 1315 potest,
1160 1264 1275 1301 tinem
1316 1265 1561 1302 miseriarum
1600 1263 1749 1302 nullum

195 1324 289 1362 sore.
353 1323 474 1369 Quam
509 1322 557 1360 ob
591 1335 694 1374 rem,
733 1324 913 1373 quoniam
953 1324 1170 1374 coepimus,
1213 1322 1410 1361 tradamus
1442 1334 1512 1360 nos
1545 1323 1580 1360 ei
1611 1334 1748 1361 curan-

194 1382 283 1421 dos:
322 1381 563 1433 sanabimur,
602 1383 634 1420 si
668 1381 851 1419 volemus.
913 1381 962 1420 Et
1000 1381 1228 1432 progrediar
1267 1380 1423 1431 quidem
1457 1380 1628 1431 longius:
1671 1393 1749 1420 non

194 1443 298 1479 enim
337 1441 384 1479 de
423 1440 665 1491 aegritudine
705 1440 848 1492 solum,
892 1452 1125 1491 quamquam
1177 1439 1212 1477 id
1253 1439 1410 1490 quidem
1448 1440 1635 1490 primum,
1681 1439 1750 1478 sed

195 1500 240 1539 de
274 1501 379 1538 omni
411 1501 544 1550 animi,
578 1505 621 1538 ut
653 1511 723 1549 ego
757 1501 886 1550 posui,
926 1498 1220 1550 perturbatione
1254 1520 1307 1525 —
1343 1497 1496 1549 morbo,
1534 1504 1577 1537 ut
1609 1498 1747 1538 Graeci

195 1558 329 1597 volunt
357 1581 410 1585 ——
439 1557 650 1609 explicabo,
713 1557 761 1596 Et
793 1559 931 1610 primo,
964 1559 995 1596 si
1023 1558 1160 1609 placet,
1194 1557 1415 1595 Stoicorum
1442 1569 1549 1595 more
1577 1569 1747 1609 agamus,

194 1683 231 1718 in
264 1683 334 1718 den
367 1683 527 1718 Zustand
559 1683 623 1718 des
656 1684 849 1727 insipiens,
880 1683 935 1717 in-

193 1742 317 1773 sanus,
327 1730 588 1772 zunickfallen,
598 1730 693 1765 denn
708 1731 767 1765 die
781 1730 935 1774 Tugend

1010 1680 1196 1739 ἡμετέρων
1235 1679 1304 1717 εἴτ’
1340 1678 1558 1737 «incompto,
1596 1679 1636 1717 τὸ
1675 1680 1746 1726 γὰρ

1007 1727 1203 1764 ἀνώδυνον
1230 1730 1338 1764 τοῦτο
1365 1725 1434 1764 οὐκ
1459 1727 1553 1764 ἄνευ
1577 1727 1747 1783 μεγάλων

194 1778 242 1813 ist
261 1777 523 1813 unverlierbar.
560 1777 581 1811 J
585 1777 700 1812 edoch
721 1777 819 1812 kann
841 1778 934 1812 auch

194 1826 258 1859 der
279 1825 382 1860 Geist,
407 1825 470 1858 des
492 1825 640 1859 Weisen
666 1825 782 1859 durch
797 1824 934 1858 WVahn-

193 1872 274 1907 sinn
307 1873 484 1906 zerriittet
515 1872 671 1906 werden.
721 1871 933 1916 Diog.V11,

199 1923 262 1955 118
297 1917 349 1953 ἔτι
382 1915 473 1953 ου’ὃε
505 1916 742 1963 μανήσεσθαι
770 1917 849 1962 (τὸν
876 1930 932 1952 σο-

195 1964 300 2022 φόν)·
345 1968 636 2024 noognsosiofiaf
680 1964 806 2020 μέντοι
844 1964 931 2000 ποτὲ

194 2010 294 2059 αὐτῷ
346 2014 556 2066 φαντασίας
605 2009 827 2052 αλλοκότους
870 2010 933 2047 διὰ

193 2061 438 2118 μελαγχολίαν
480 2055 498 2103 ἢ
537 2056 797 2104 λήρησιν,οὐ
837 2057 932 2093 κατὰ

193 2105 258 2141 τὸν
284 2108 356 2141 τῶν
383 2105 541 2151 αἷρετῶν
567 2105 690 2151 λόγον,
715 2103 806 2141 ἄλλα
831 2104 932 2151 παρὰ

193 2152 318 2198 φύσιν.

240 2201 333 2246 Kap
359 2202 485 2237 (1.15.
512 2213 586 2236 uon
611 2212 705 2235 emm
729 2202 827 2236 silice
852 2202 932 2236 nati

191 2259 332 2283 sumus:
364 2248 444 2283 eine
471 2249 530 2283 bei
555 2248 736 2283 Griechen
762 2248 836 2283 und
862 2248 932 2282 Ro-

194 2306 295 2330 mern
348 2295 676 2352 sprichwortliche
715 2295 931 2330 Redensart.

192 2341 299 2377 Hom.
322 2342 541 2386 Od.19‚163
570 2355 612 2377 ου
633 2355 708 2399 γαρ
725 2339 800 2377 ἀπὸ
822 2339 934 2387 δρυός

194 2387 272 2424 ἐσσι
298 2387 550 2433 παλαιφάτου,
571 2386 657 2424 ουδ’
686 2386 761 2424 απὸ
786 2389 932 2434 πέτρης

193 2436 278 2482 Vgl.
305 2438 394 2472 Aen.
426 2436 476 2470 IV
503 2441 569 2471 366
602 2437 705 2471 duris
741 2438 865 2481 qenuit
903 2441 934 2472 te

193 2484 362 2519 cautibus
386 2485 533 2519 horrens
561 2483 756 2519 Caucasus.

242 2531 409 2573 Crantor,
435 2543 461 2566 5
490 2531 644 2574 z.148,
674 2535 749 2565 115.

240 2579 402 2613 minime:
445 2577 542 2613 Plut
581 2589 680 2613 50115.
727 2578 773 2612 ad
810 2578 932 2623 Apoll.

193 2636 222 2660 c
241 2629 261 2659 3
289 2637 333 2660 ου
359 2622 428 2669 γὰρ
457 2624 570 2669 ἔγωγε
598 2623 834 2670 συμφέρομαι
856 2630 934 2665 τοῖς

192 2669 272 2728 τὴν
300 2669 431 2716 ἄγριον
469 2670 628 2716 ὑμνοῦσι
672 2672 734 2706 καὶ
773 2670 933 2716 σκληρὰν

192 2715 390 2754 ἀπάθειαν
417 2717 485 2761 ἔξω
514 2732 576 2753 και
595 2719 661 2754 τοῦ
683 2719 846 2754 δυνατοῦ
871 2719 933 2753 καὶ

193 2767 259 2800 τοῦ
286 2765 541 2811 συμφέροντος
567 2762 692 2801 οὖσαν.
714 2787 756 2791 -
776 2765 841 2810 Μὴ
863 2764 932 2810 γὰρ

193 2817 383 2858 νοσοῖμεν·
423 2812 598 2870 νοσήσασι
637 2812 678 2848 δε
714 2815 849 2857 παρείη
880 2827 934 2853 τις

191 2861 383 2905 αἴσθησις,
411 2857 480 2895 εἰτ’
509 2873 576 2896 ουν
602 2858 772 2905 τέμνοιτό
800 2874 833 2895 τι
859 2861 932 2895 τῶν

1009 1774 1192 1821 ἐγγίνεται
1219 1777 1365 1821 μισθῶν
1390 1776 1439 1821 τῷ
1464 1773 1666 1823 ἀνθρώπῳ,

1053 1836 1096 1877 si,
1123 1836 1251 1879 inquit.
1293 1835 1411 1880 lnquit
1430 1835 1520 1869 wird
1545 1835 1642 1870 daun
1661 1835 1747 1870 mit-

1006 1884 1068 1917 ten
1088 1883 1127 1917 in
1147 1882 1205 1917 die
1219 1882 1320 1917 Rede
1343 1882 1625 1927 eingeschoben,
1640 1894 1746 1917 wenn

1007 1929 1066 1964 ein
1097 1940 1209 1964 neuer
1235 1929 1410 1964 Gedanke
1442 1929 1748 1975 hervorgehoben

1007 1977 1095 2012 oder
1120 1976 1185 2011 das
1212 1975 1372 2022 Gesagte
1400 1975 1750 2021 zusammengefasst

1006 2024 1152 2058 werden
1185 2023 1263 2058 soll.
1315 2023 1359 2057 de
1392 2035 1462 2058 am.
1489 2027 1555 2068 22,
1589 2027 1633 2059 84
1664 2024 1748 2059 haec

1006 2075 1066 2113 est,
1094 2071 1255 2115 inquam,
1280 2071 1437 2106 societas

1053 2130 1215 2164 meicede.
1273 2129 1345 2163 Der
1382 2129 1505 2173 Lohn‚
1552 2129 1623 2164 den
1661 2140 1747 2165 man

1006 2176 1135 2211 zahlen
1154 2175 1260 2219 muss,
1282 2176 1504 2222 Bezahlung,
1530 2176 1644 2211 daher
1666 2177 1746 2212 ‘der

1007 2223 1220 2259 Verlust'
1276 2215 1374 2257 Uber
1412 2223 1482 2257 den
1520 2223 1676 2258 Genetiv
1714 2236 1741 2259 5.

1005 2283 1032 2305 z.
1060 2271 1075 2305 1
1110 2275 1168 2315 15,
1202 2275 1247 2305 34
1284 2271 1471 2305 mercedem
1506 2271 1643 2316 yloriae
1679 2271 1748 2314 fla-

1005 2319 1196 2459 Πίιξῖξιρον,
1224 2365 1469 2410 Stumpfheit,
1503 2361 1745 2409 αναισθησία.

1135 2424 1206 2460 Sed
1231 2425 1426 2466 videamus,
1445 2434 1507 2458 ne:
1533 2423 1606 2458 Cic.
1631 2423 1747 2459 selbst

1007 2472 1200 2506 schwankt
1225 2470 1399 2513 dariiber,
1426 2470 1564 2506 welche
1591 2470 1744 2506 Berech-

1007 2519 1139 2564 tigung
1164 2530 1203 2554 er
1229 2518 1298 2553 den
1324 2517 1495 2553 Affekten
1520 2518 1744 2563 zugestehen

1008 2566 1087 2600 soll.
1139 2566 1173 2600 S.
1200 2566 1231 2599 V
1259 2577 1287 2600 c.
1317 2570 1347 2599 1.

1052 2614 1146 2657 quod
1170 2614 1237 2648 erit
1263 2613 1517 2654 necessarium,
1548 2611 1662 2647 soviel
1687 2610 1743 2647 als

1006 2659 1245 2695 erforderlich
1276 2658 1343 2704 ist,
1379 2671 1440 2693 um
1472 2658 1576 2694 nicht:
1605 2658 1642 2693 in
1675 2657 1744 2693 Ge-

1006 2706 1265 2752 fuhllosigkeib
1289 2717 1332 2740 zu
1357 2705 1547 2741 vei-fallen.

1053 2767 1160 2801 Illud
1189 2766 1330 2810 quidem
1363 2765 1415 2810 sjc
1445 2764 1490 2806 h.,
1528 2764 1603 2799 ‘die
1629 2755 1743 2799 Uber-

1005 2824 1172 2859 zeugung
1193 2812 1315 2847 habe'.
1362 2803 1460 2846 Uber
1479 2812 1572 2847 illud
1591 2822 1618 2847 5.
1640 2810 1742 2855 Seyf-

1005 2860 1077 2895 fert
1102 2861 1141 2895 L.
1149 2843 1229 2894 UGr.
1257 2862 1275 2901 ξ
1302 2863 1381 2894 219.
