<?xml version="1.0" encoding="UTF-8"?>
<!DOCTYPE html PUBLIC "-//W3C//DTD XHTML 1.0 Transitional//EN"
    "http://www.w3.org/TR/xhtml1/DTD/xhtml1-transitional.dtd">
<html xmlns="http://www.w3.org/1999/xhtml" xml:lang="en" lang="en">
 <head>
  <title>
</title>
<meta http-equiv="Content-Type" content="text/html;charset=utf-8" />
  <meta name='ocr-system' content='tesseract 3.04.00' />
  <meta name='ocr-capabilities' content='ocr_page ocr_carea ocr_par ocr_line ocrx_word'/>
</head>
<body>
  <div class='ocr_page' id='page_1' title='image "./tusculanarumdisp01ciceuoft_0078.png"; bbox 0 0 1817 3103; ppageno 0'>
   <div class='ocr_carea' id='block_1_1' title="bbox 62 431 105 462">
    <p class='ocr_par' dir='ltr' id='par_1_1' title="bbox 62 431 105 462">
     <span class='ocr_line' id='line_1_1' title="bbox 62 431 105 462; baseline -0.023 0"><span class='ocrx_word' id='word_1_1' title='bbox 62 431 105 462; x_wconf 82' lang='grc'>81</span> 
     </span>
    </p>
   </div>
   <div class='ocr_carea' id='block_1_2' title="bbox 55 1040 112 1123">
    <p class='ocr_par' dir='ltr' id='par_1_2' title="bbox 55 1040 112 1123">
     <span class='ocr_line' id='line_1_2' title="bbox 55 1040 112 1081; baseline -0.035 0"><span class='ocrx_word' id='word_1_2' title='bbox 55 1040 112 1081; x_wconf 77' lang='grc'>34</span> 
     </span>
     <span class='ocr_line' id='line_1_3' title="bbox 68 1092 111 1123; baseline -0.047 0"><span class='ocrx_word' id='word_1_3' title='bbox 68 1092 111 1123; x_wconf 78' lang='lat'>82</span> 
     </span>
    </p>
   </div>
   <div class='ocr_carea' id='block_1_3' title="bbox 122 72 1152 119">
    <p class='ocr_par' dir='ltr' id='par_1_3' title="bbox 122 72 1152 119">
     <span class='ocr_line' id='line_1_4' title="bbox 122 72 1152 119; baseline -0.005 -8"><span class='ocrx_word' id='word_1_4' title='bbox 122 78 176 119; x_wconf 59' lang='lat'>48</span> <span class='ocrx_word' id='word_1_5' title='bbox 642 75 689 109; x_wconf 85' lang='lat' dir='ltr'>M.</span> <span class='ocrx_word' id='word_1_6' title='bbox 716 74 875 109; x_wconf 82' lang='lat' dir='ltr'>TULLII</span> <span class='ocrx_word' id='word_1_7' title='bbox 902 72 1152 109; x_wconf 82' lang='lat' dir='ltr'>CICERONIS</span> 
     </span>
    </p>
   </div>
   <div class='ocr_carea' id='block_1_4' title="bbox 121 181 1677 1295">
    <p class='ocr_par' dir='ltr' id='par_1_4' title="bbox 121 181 1675 1056">
     <span class='ocr_line' id='line_1_5' title="bbox 122 181 1670 238; baseline -0.004 -12"><span class='ocrx_word' id='word_1_8' title='bbox 122 199 226 238; x_wconf 82' lang='lat' dir='ltr'>esse,</span> <span class='ocrx_word' id='word_1_9' title='bbox 269 193 311 225; x_wconf 90' lang='lat' dir='ltr'>ut</span> <span class='ocrx_word' id='word_1_10' title='bbox 353 198 422 237; x_wconf 85' lang='lat' dir='ltr'>ego</span> <span class='ocrx_word' id='word_1_11' title='bbox 465 197 523 224; x_wconf 87' lang='lat' dir='ltr'>me</span> <span class='ocrx_word' id='word_1_12' title='bbox 568 185 776 224; x_wconf 88' lang='lat' dir='ltr'>tardiorem</span> <span class='ocrx_word' id='word_1_13' title='bbox 820 197 904 223; x_wconf 81' lang='lat' dir='ltr'>esse</span> <span class='ocrx_word' id='word_1_14' title='bbox 946 197 1023 222; x_wconf 89' lang='lat' dir='ltr'>non</span> <span class='ocrx_word' id='word_1_15' title='bbox 1062 183 1223 222; x_wconf 83' lang='lat' dir='ltr'><strong>moleste</strong></span> <span class='ocrx_word' id='word_1_16' title='bbox 1262 183 1393 221; x_wconf 84' lang='lat' dir='ltr'>seram.</span> <span class='ocrx_word' id='word_1_17' title='bbox 1456 181 1670 221; x_wconf 88' lang='lat' dir='ltr'>Enumerat</span> 
     </span>
     <span class='ocr_line' id='line_1_6' title="bbox 121 240 1669 297; baseline -0.005 -12"><span class='ocrx_word' id='word_1_18' title='bbox 121 246 276 297; x_wconf 86' lang='lat' dir='ltr'>multos,</span> <span class='ocrx_word' id='word_1_19' title='bbox 309 245 424 296; x_wconf 87' lang='lat' dir='ltr'>idque</span> <span class='ocrx_word' id='word_1_20' title='bbox 459 246 568 295; x_wconf 82' lang='lat' dir='ltr'>quasi</span> <span class='ocrx_word' id='word_1_21' title='bbox 601 249 763 295; x_wconf 87' lang='lat' dir='ltr'>constet,</span> <span class='ocrx_word' id='word_1_22' title='bbox 798 245 985 281; x_wconf 89' lang='lat' dir='ltr'>rationem</span> <span class='ocrx_word' id='word_1_23' title='bbox 1019 255 1089 281; x_wconf 88' lang='lat' dir='ltr'>cur</span> <span class='ocrx_word' id='word_1_24' title='bbox 1122 244 1172 280; x_wconf 85' lang='lat' dir='ltr'>ita</span> <span class='ocrx_word' id='word_1_25' title='bbox 1205 242 1270 279; x_wconf 86' lang='lat' dir='ltr'>fiat</span> <span class='ocrx_word' id='word_1_26' title='bbox 1301 241 1437 279; x_wconf 80' lang='lat' dir='ltr'>adfert.</span> <span class='ocrx_word' id='word_1_27' title='bbox 1493 240 1604 286; x_wconf 89' lang='lat' dir='ltr'>Quod</span> <span class='ocrx_word' id='word_1_28' title='bbox 1637 242 1669 278; x_wconf 87' lang='lat' dir='ltr'>si</span> 
     </span>
     <span class='ocr_line' id='line_1_7' title="bbox 122 301 1669 352; baseline -0.004 -9"><span class='ocrx_word' id='word_1_29' title='bbox 122 310 226 344; x_wconf 86' lang='lat' dir='ltr'>tanta</span> <span class='ocrx_word' id='word_1_30' title='bbox 259 305 315 342; x_wconf 89' lang='lat' dir='ltr'>vis</span> <span class='ocrx_word' id='word_1_31' title='bbox 347 310 406 342; x_wconf 89' lang='lat' dir='ltr'>est</span> <span class='ocrx_word' id='word_1_32' title='bbox 439 303 483 341; x_wconf 88' lang='lat' dir='ltr'>ad</span> <span class='ocrx_word' id='word_1_33' title='bbox 516 302 689 341; x_wconf 87' lang='lat' dir='ltr'>habitum</span> <span class='ocrx_word' id='word_1_34' title='bbox 724 304 864 341; x_wconf 88' lang='lat' dir='ltr'>mentis</span> <span class='ocrx_word' id='word_1_35' title='bbox 897 303 935 339; x_wconf 90' lang='lat' dir='ltr'>in</span> <span class='ocrx_word' id='word_1_36' title='bbox 968 303 1027 352; x_wconf 81' lang='lat' dir='ltr'>iis,</span> <span class='ocrx_word' id='word_1_37' title='bbox 1059 313 1156 351; x_wconf 88' lang='lat' dir='ltr'>quae</span> <span class='ocrx_word' id='word_1_38' title='bbox 1190 301 1402 350; x_wconf 84' lang='lat' dir='ltr'>gignuntur</span> <span class='ocrx_word' id='word_1_39' title='bbox 1433 301 1470 337; x_wconf 93' lang='lat' dir='ltr'>in</span> <span class='ocrx_word' id='word_1_40' title='bbox 1505 311 1669 350; x_wconf 89' lang='lat' dir='ltr'>corpore</span> 
     </span>
     <span class='ocr_line' id='line_1_8' title="bbox 126 358 1669 413; baseline -0.004 -11"><span class='ocrx_word' id='word_1_41' title='bbox 126 386 172 391; x_wconf 91' lang='lat'>—-</span> <span class='ocrx_word' id='word_1_42' title='bbox 205 375 248 401; x_wconf 90' lang='lat' dir='ltr'>ea</span> <span class='ocrx_word' id='word_1_43' title='bbox 275 369 365 402; x_wconf 89' lang='lat' dir='ltr'>sunt</span> <span class='ocrx_word' id='word_1_44' title='bbox 391 369 532 413; x_wconf 86' lang='lat' dir='ltr'>autem,</span> <span class='ocrx_word' id='word_1_45' title='bbox 559 373 828 412; x_wconf 87' lang='lat' dir='ltr'>quaecumque</span> <span class='ocrx_word' id='word_1_46' title='bbox 857 366 958 411; x_wconf 85' lang='lat' dir='ltr'>sunt,</span> <span class='ocrx_word' id='word_1_47' title='bbox 991 372 1088 410; x_wconf 87' lang='lat' dir='ltr'>quae</span> <span class='ocrx_word' id='word_1_48' title='bbox 1117 358 1409 397; x_wconf 85' lang='lat' dir='ltr'>similitudinem</span> <span class='ocrx_word' id='word_1_49' title='bbox 1436 358 1577 397; x_wconf 81' lang='lat' dir='ltr'>faciant</span> <span class='ocrx_word' id='word_1_50' title='bbox 1605 380 1669 409; x_wconf 86' lang='grc'><strong>-,</strong></span> 
     </span>
     <span class='ocr_line' id='line_1_9' title="bbox 124 415 1669 471; baseline -0.004 -10"><span class='ocrx_word' id='word_1_51' title='bbox 124 422 217 461; x_wconf 87' lang='lat' dir='ltr'>nibil</span> <span class='ocrx_word' id='word_1_52' title='bbox 250 422 494 460; x_wconf 78' lang='lat' dir='ltr'>necessitatis</span> <span class='ocrx_word' id='word_1_53' title='bbox 532 420 677 471; x_wconf 80' lang='lat' dir='ltr'>adfert,</span> <span class='ocrx_word' id='word_1_54' title='bbox 717 432 788 458; x_wconf 93' lang='lat' dir='ltr'>cur</span> <span class='ocrx_word' id='word_1_55' title='bbox 826 425 1035 457; x_wconf 89' lang='lat' dir='ltr'>nascantur</span> <span class='ocrx_word' id='word_1_56' title='bbox 1067 419 1201 469; x_wconf 87' lang='lat' dir='ltr'>animi,</span> <span class='ocrx_word' id='word_1_57' title='bbox 1240 416 1462 455; x_wconf 80' lang='lat' dir='ltr'>similitudo.</span> <span class='ocrx_word' id='word_1_58' title='bbox 1524 415 1669 456; x_wconf 83' lang='lat' dir='ltr'>Omitto</span> 
     </span>
     <span class='ocr_line' id='line_1_10' title="bbox 124 475 1669 529; baseline -0.003 -10"><span class='ocrx_word' id='word_1_59' title='bbox 124 480 469 519; x_wconf 79' lang='lat' dir='ltr'>dissimilitudines.</span> <span class='ocrx_word' id='word_1_60' title='bbox 522 478 666 517; x_wconf 88' lang='lat' dir='ltr'>Vellem</span> <span class='ocrx_word' id='word_1_61' title='bbox 699 478 834 516; x_wconf 77' lang='lat' dir='ltr'>adesse</span> <span class='ocrx_word' id='word_1_62' title='bbox 862 484 994 529; x_wconf 87' lang='lat' dir='ltr'>posset</span> <span class='ocrx_word' id='word_1_63' title='bbox 1021 477 1228 515; x_wconf 82' lang='lat' dir='ltr'>Panaetius</span> <span class='ocrx_word' id='word_1_64' title='bbox 1256 498 1308 501; x_wconf 95' lang='lat'><strong>—</strong></span> <span class='ocrx_word' id='word_1_65' title='bbox 1338 476 1430 513; x_wconf 84' lang='lat' dir='ltr'>vixit</span> <span class='ocrx_word' id='word_1_66' title='bbox 1456 486 1546 513; x_wconf 90' lang='lat' dir='ltr'>cum</span> <span class='ocrx_word' id='word_1_67' title='bbox 1571 475 1669 514; x_wconf 82' lang='lat' dir='ltr'>Afri—</span> 
     </span>
     <span class='ocr_line' id='line_1_11' title="bbox 124 533 1671 589; baseline -0.005 -11"><span class='ocrx_word' id='word_1_68' title='bbox 124 552 219 578; x_wconf 84' lang='lat' dir='ltr'>cano</span> <span class='ocrx_word' id='word_1_69' title='bbox 252 553 326 578; x_wconf 91' lang='lat'>--:</span> <span class='ocrx_word' id='word_1_70' title='bbox 365 549 593 589; x_wconf 78' lang='lat' dir='ltr'>quaererem</span> <span class='ocrx_word' id='word_1_71' title='bbox 633 550 677 575; x_wconf 86' lang='lat' dir='ltr'>ex</span> <span class='ocrx_word' id='word_1_72' title='bbox 712 549 776 587; x_wconf 90' lang='lat' dir='ltr'>eo,</span> <span class='ocrx_word' id='word_1_73' title='bbox 817 539 929 575; x_wconf 86' lang='lat' dir='ltr'>cuius</span> <span class='ocrx_word' id='word_1_74' title='bbox 968 548 1129 574; x_wconf 84' lang='lat' dir='ltr'>suorum</span> <span class='ocrx_word' id='word_1_75' title='bbox 1162 535 1297 573; x_wconf 86' lang='lat' dir='ltr'>similis</span> <span class='ocrx_word' id='word_1_76' title='bbox 1331 534 1469 572; x_wconf 86' lang='lat' dir='ltr'>suisset</span> <span class='ocrx_word' id='word_1_77' title='bbox 1501 533 1671 572; x_wconf 80' lang='lat' dir='ltr'>Africani</span> 
     </span>
     <span class='ocr_line' id='line_1_12' title="bbox 125 592 1672 648; baseline -0.005 -11"><span class='ocrx_word' id='word_1_78' title='bbox 125 600 255 637; x_wconf 83' lang='lat' dir='ltr'>fratris</span> <span class='ocrx_word' id='word_1_79' title='bbox 289 610 427 648; x_wconf 85' lang='lat' dir='ltr'>nepos,</span> <span class='ocrx_word' id='word_1_80' title='bbox 459 597 555 634; x_wconf 84' lang='lat' dir='ltr'>facie</span> <span class='ocrx_word' id='word_1_81' title='bbox 588 596 646 634; x_wconf 76' lang='lat' dir='ltr'>vel</span> <span class='ocrx_word' id='word_1_82' title='bbox 679 597 817 646; x_wconf 82' lang='lat' dir='ltr'>patris,</span> <span class='ocrx_word' id='word_1_83' title='bbox 850 597 923 633; x_wconf 87' lang='lat' dir='ltr'>vita</span> <span class='ocrx_word' id='word_1_84' title='bbox 957 596 1130 633; x_wconf 84' lang='lat' dir='ltr'>omnium</span> <span class='ocrx_word' id='word_1_85' title='bbox 1163 593 1406 645; x_wconf 83' lang='lat' dir='ltr'>perditorum</span> <span class='ocrx_word' id='word_1_86' title='bbox 1439 594 1489 630; x_wconf 88' lang='lat' dir='ltr'>ita</span> <span class='ocrx_word' id='word_1_87' title='bbox 1523 592 1672 643; x_wconf 83' lang='lat' dir='ltr'>similis,</span> 
     </span>
     <span class='ocr_line' id='line_1_13' title="bbox 126 652 1674 705; baseline -0.005 -9"><span class='ocrx_word' id='word_1_88' title='bbox 126 664 167 696; x_wconf 88' lang='lat' dir='ltr'>ut</span> <span class='ocrx_word' id='word_1_89' title='bbox 193 662 299 695; x_wconf 89' lang='lat' dir='ltr'>esset</span> <span class='ocrx_word' id='word_1_90' title='bbox 325 656 435 694; x_wconf 82' lang='lat' dir='ltr'>facile</span> <span class='ocrx_word' id='word_1_91' title='bbox 463 655 717 705; x_wconf 81' lang='lat' dir='ltr'>deterrimus3</span> <span class='ocrx_word' id='word_1_92' title='bbox 751 656 863 692; x_wconf 88' lang='lat' dir='ltr'>cuius</span> <span class='ocrx_word' id='word_1_93' title='bbox 890 655 1005 692; x_wconf 87' lang='lat' dir='ltr'>etiam</span> <span class='ocrx_word' id='word_1_94' title='bbox 1033 653 1168 691; x_wconf 86' lang='lat' dir='ltr'>similis</span> <span class='ocrx_word' id='word_1_95' title='bbox 1196 652 1235 690; x_wconf 91' lang='lat' dir='ltr'>P.</span> <span class='ocrx_word' id='word_1_96' title='bbox 1257 652 1397 702; x_wconf 81' lang='lat' dir='ltr'>Crassi,</span> <span class='ocrx_word' id='word_1_97' title='bbox 1424 658 1462 689; x_wconf 90' lang='lat' dir='ltr'>et</span> <span class='ocrx_word' id='word_1_98' title='bbox 1488 653 1674 702; x_wconf 86' lang='lat' dir='ltr'>sapientis</span> 
     </span>
     <span class='ocr_line' id='line_1_14' title="bbox 127 709 1672 766; baseline -0.005 -12"><span class='ocrx_word' id='word_1_99' title='bbox 127 722 164 754; x_wconf 83' lang='lat' dir='ltr'>et</span> <span class='ocrx_word' id='word_1_100' title='bbox 196 715 415 766; x_wconf 86' lang='lat' dir='ltr'>eloquentis</span> <span class='ocrx_word' id='word_1_101' title='bbox 448 720 487 752; x_wconf 90' lang='lat' dir='ltr'>et</span> <span class='ocrx_word' id='word_1_102' title='bbox 519 715 635 764; x_wconf 84' lang='lat' dir='ltr'>primi</span> <span class='ocrx_word' id='word_1_103' title='bbox 666 713 846 764; x_wconf 87' lang='lat' dir='ltr'>hominis,</span> <span class='ocrx_word' id='word_1_104' title='bbox 879 724 1000 763; x_wconf 83' lang='lat' dir='ltr'>nepos</span> <span class='ocrx_word' id='word_1_105' title='bbox 1033 712 1323 761; x_wconf 87' lang='lat' dir='ltr'>multorumque</span> <span class='ocrx_word' id='word_1_106' title='bbox 1356 710 1520 748; x_wconf 87' lang='lat' dir='ltr'>aliorum</span> <span class='ocrx_word' id='word_1_107' title='bbox 1552 709 1672 748; x_wconf 88' lang='lat' dir='ltr'>claro-</span> 
     </span>
     <span class='ocr_line' id='line_1_15' title="bbox 127 768 1674 825; baseline -0.005 -12"><span class='ocrx_word' id='word_1_108' title='bbox 127 787 213 813; x_wconf 89' lang='lat' dir='ltr'>rum</span> <span class='ocrx_word' id='word_1_109' title='bbox 241 776 425 825; x_wconf 83' lang='lat' dir='ltr'>virorum,</span> <span class='ocrx_word' id='word_1_110' title='bbox 452 785 551 824; x_wconf 90' lang='lat' dir='ltr'>quos</span> <span class='ocrx_word' id='word_1_111' title='bbox 577 771 672 810; x_wconf 90' lang='lat' dir='ltr'>nihil</span> <span class='ocrx_word' id='word_1_112' title='bbox 698 773 836 810; x_wconf 85' lang='lat' dir='ltr'>attinet</span> <span class='ocrx_word' id='word_1_113' title='bbox 862 772 1074 822; x_wconf 87' lang='lat' dir='ltr'>nominare,</span> <span class='ocrx_word' id='word_1_114' title='bbox 1095 776 1258 821; x_wconf 86' lang='lat' dir='ltr'>nepotes</span> <span class='ocrx_word' id='word_1_115' title='bbox 1285 776 1323 808; x_wconf 88' lang='lat' dir='ltr'>et</span> <span class='ocrx_word' id='word_1_116' title='bbox 1349 769 1426 807; x_wconf 86' lang='lat' dir='ltr'>filii.</span> <span class='ocrx_word' id='word_1_117' title='bbox 1479 768 1553 807; x_wconf 85' lang='lat' dir='ltr'>Sed</span> <span class='ocrx_word' id='word_1_118' title='bbox 1582 768 1674 818; x_wconf 90' lang='lat' dir='ltr'>quid</span> 
     </span>
     <span class='ocr_line' id='line_1_16' title="bbox 126 826 1674 884; baseline -0.005 -13"><span class='ocrx_word' id='word_1_119' title='bbox 126 831 304 884; x_wconf 80' lang='lat' dir='ltr'>agImus‘?</span> <span class='ocrx_word' id='word_1_120' title='bbox 336 832 496 870; x_wconf 88' lang='lat' dir='ltr'>oblitine</span> <span class='ocrx_word' id='word_1_121' title='bbox 527 843 663 869; x_wconf 88' lang='lat' dir='ltr'>sumus</span> <span class='ocrx_word' id='word_1_122' title='bbox 696 830 768 869; x_wconf 88' lang='lat' dir='ltr'>boc</span> <span class='ocrx_word' id='word_1_123' title='bbox 800 842 901 869; x_wconf 90' lang='lat' dir='ltr'>nunc</span> <span class='ocrx_word' id='word_1_124' title='bbox 933 829 1044 868; x_wconf 88' lang='lat' dir='ltr'>nobis</span> <span class='ocrx_word' id='word_1_125' title='bbox 1071 842 1155 867; x_wconf 90' lang='lat' dir='ltr'>esse</span> <span class='ocrx_word' id='word_1_126' title='bbox 1184 830 1439 880; x_wconf 80' lang='lat' dir='ltr'>propositum,</span> <span class='ocrx_word' id='word_1_127' title='bbox 1465 840 1554 866; x_wconf 88' lang='lat' dir='ltr'>cum</span> <span class='ocrx_word' id='word_1_128' title='bbox 1582 826 1674 865; x_wconf 85' lang='lat' dir='ltr'>satis</span> 
     </span>
     <span class='ocr_line' id='line_1_17' title="bbox 126 887 1675 940; baseline -0.005 -10"><span class='ocrx_word' id='word_1_129' title='bbox 126 893 172 930; x_wconf 91' lang='lat' dir='ltr'>de</span> <span class='ocrx_word' id='word_1_130' title='bbox 206 893 436 930; x_wconf 82' lang='lat' dir='ltr'>aeternitate</span> <span class='ocrx_word' id='word_1_131' title='bbox 469 890 715 940; x_wconf 80' lang='lat' dir='ltr'>dixissemus,</span> <span class='ocrx_word' id='word_1_132' title='bbox 749 902 796 927; x_wconf 90' lang='lat' dir='ltr'>ne</span> <span class='ocrx_word' id='word_1_133' title='bbox 824 891 855 927; x_wconf 94' lang='lat' dir='ltr'>si</span> <span class='ocrx_word' id='word_1_134' title='bbox 882 890 1090 927; x_wconf 86' lang='lat' dir='ltr'>interirent</span> <span class='ocrx_word' id='word_1_135' title='bbox 1117 888 1272 938; x_wconf 88' lang='lat' dir='ltr'>quidem</span> <span class='ocrx_word' id='word_1_136' title='bbox 1305 888 1434 938; x_wconf 82' lang='lat' dir='ltr'>animi,</span> <span class='ocrx_word' id='word_1_137' title='bbox 1468 887 1675 937; x_wconf 82' lang='lat' dir='ltr'>quicquam</span> 
     </span>
     <span class='ocr_line' id='line_1_18' title="bbox 128 945 1675 998; baseline -0.005 -9"><span class='ocrx_word' id='word_1_138' title='bbox 128 951 215 989; x_wconf 86' lang='lat' dir='ltr'>mali</span> <span class='ocrx_word' id='word_1_139' title='bbox 249 962 333 988; x_wconf 87' lang='lat' dir='ltr'>esse</span> <span class='ocrx_word' id='word_1_140' title='bbox 367 952 404 987; x_wconf 92' lang='lat' dir='ltr'>in</span> <span class='ocrx_word' id='word_1_141' title='bbox 439 946 593 987; x_wconf 75' lang='lat' dir='ltr'>morte?</span> <span class='ocrx_word' id='word_1_142' title='bbox 649 950 693 986; x_wconf 83' lang='grc' dir='ltr'>Α.</span> <span class='ocrx_word' id='word_1_143' title='bbox 727 947 807 998; x_wconf 83' lang='lat' dir='ltr'>Ego</span> <span class='ocrx_word' id='word_1_144' title='bbox 840 959 929 985; x_wconf 86' lang='lat' dir='ltr'>vero</span> <span class='ocrx_word' id='word_1_145' title='bbox 965 949 1228 997; x_wconf 83' lang='lat' dir='ltr'>memineram,</span> <span class='ocrx_word' id='word_1_146' title='bbox 1261 946 1327 984; x_wconf 88' lang='lat' dir='ltr'>sed</span> <span class='ocrx_word' id='word_1_147' title='bbox 1361 951 1397 984; x_wconf 91' lang='lat' dir='ltr'>te</span> <span class='ocrx_word' id='word_1_148' title='bbox 1431 945 1477 983; x_wconf 88' lang='lat' dir='ltr'>de</span> <span class='ocrx_word' id='word_1_149' title='bbox 1511 945 1675 983; x_wconf 89' lang='lat' dir='ltr'>aeterni-</span> 
     </span>
     <span class='ocr_line' id='line_1_19' title="bbox 128 1004 1292 1056; baseline -0.005 -8"><span class='ocrx_word' id='word_1_150' title='bbox 128 1016 204 1048; x_wconf 89' lang='lat' dir='ltr'>tate</span> <span class='ocrx_word' id='word_1_151' title='bbox 238 1009 432 1047; x_wconf 88' lang='lat' dir='ltr'>dicentem</span> <span class='ocrx_word' id='word_1_152' title='bbox 464 1007 646 1045; x_wconf 87' lang='lat' dir='ltr'>aberrare</span> <span class='ocrx_word' id='word_1_153' title='bbox 680 1019 698 1044; x_wconf 88' lang='lat' dir='ltr'>a</span> <span class='ocrx_word' id='word_1_154' title='bbox 732 1007 932 1056; x_wconf 84' lang='lat' dir='ltr'>proposito</span> <span class='ocrx_word' id='word_1_155' title='bbox 965 1005 1074 1043; x_wconf 79' lang='lat' dir='ltr'>facile</span> <span class='ocrx_word' id='word_1_156' title='bbox 1108 1004 1292 1055; x_wconf 82' lang='lat' dir='ltr'>patiebar.</span> 
     </span>
    </p>

    <p class='ocr_par' dir='ltr' id='par_1_5' title="bbox 127 1061 1677 1295">
     <span class='ocr_line' id='line_1_20' title="bbox 246 1061 1676 1115; baseline -0.004 -10"><span class='ocrx_word' id='word_1_157' title='bbox 246 1067 299 1106; x_wconf 88' lang='lat' dir='ltr'>M.</span> <span class='ocrx_word' id='word_1_158' title='bbox 333 1066 450 1104; x_wconf 84' lang='lat' dir='ltr'>Video</span> <span class='ocrx_word' id='word_1_159' title='bbox 485 1072 520 1104; x_wconf 88' lang='lat' dir='ltr'>te</span> <span class='ocrx_word' id='word_1_160' title='bbox 554 1065 628 1103; x_wconf 86' lang='lat' dir='ltr'>alte</span> <span class='ocrx_word' id='word_1_161' title='bbox 662 1070 838 1115; x_wconf 86' lang='lat' dir='ltr'>spectare</span> <span class='ocrx_word' id='word_1_162' title='bbox 872 1069 910 1102; x_wconf 88' lang='lat' dir='ltr'>et</span> <span class='ocrx_word' id='word_1_163' title='bbox 942 1063 1037 1102; x_wconf 90' lang='lat' dir='ltr'>velle</span> <span class='ocrx_word' id='word_1_164' title='bbox 1070 1065 1109 1102; x_wconf 92' lang='lat' dir='ltr'>in</span> <span class='ocrx_word' id='word_1_165' title='bbox 1143 1063 1290 1101; x_wconf 88' lang='lat' dir='ltr'>caelum</span> <span class='ocrx_word' id='word_1_166' title='bbox 1325 1064 1502 1113; x_wconf 85' lang='lat' dir='ltr'>migrare.</span> <span class='ocrx_word' id='word_1_167' title='bbox 1553 1061 1676 1112; x_wconf 83' lang='lat' dir='ltr'>Spero</span> 
     </span>
     <span class='ocr_line' id='line_1_21' title="bbox 128 1122 1675 1175; baseline -0.005 -10"><span class='ocrx_word' id='word_1_168' title='bbox 128 1128 210 1166; x_wconf 82' lang='lat' dir='ltr'>sore</span> <span class='ocrx_word' id='word_1_169' title='bbox 243 1132 286 1164; x_wconf 91' lang='lat' dir='ltr'>ut</span> <span class='ocrx_word' id='word_1_170' title='bbox 318 1127 516 1175; x_wconf 82' lang='lat' dir='ltr'>contingat</span> <span class='ocrx_word' id='word_1_171' title='bbox 554 1124 591 1162; x_wconf 86' lang='lat' dir='ltr'>id</span> <span class='ocrx_word' id='word_1_172' title='bbox 631 1123 753 1162; x_wconf 89' lang='lat' dir='ltr'>nobis.</span> <span class='ocrx_word' id='word_1_173' title='bbox 812 1123 886 1161; x_wconf 90' lang='lat' dir='ltr'>Sed</span> <span class='ocrx_word' id='word_1_174' title='bbox 928 1123 1003 1174; x_wconf 78' lang='lat' dir='ltr'>sac,</span> <span class='ocrx_word' id='word_1_175' title='bbox 1043 1129 1086 1161; x_wconf 87' lang='lat' dir='ltr'>ut</span> <span class='ocrx_word' id='word_1_176' title='bbox 1123 1123 1187 1161; x_wconf 90' lang='lat' dir='ltr'>isti</span> <span class='ocrx_word' id='word_1_177' title='bbox 1219 1122 1370 1172; x_wconf 85' lang='lat' dir='ltr'>volunt,</span> <span class='ocrx_word' id='word_1_178' title='bbox 1412 1122 1561 1159; x_wconf 86' lang='lat' dir='ltr'>animos</span> <span class='ocrx_word' id='word_1_179' title='bbox 1599 1132 1675 1158; x_wconf 91' lang='lat' dir='ltr'>non</span> 
     </span>
     <span class='ocr_line' id='line_1_22' title="bbox 128 1179 1677 1235; baseline -0.005 -11"><span class='ocrx_word' id='word_1_180' title='bbox 128 1197 330 1224; x_wconf 83' lang='lat' dir='ltr'>remanere</span> <span class='ocrx_word' id='word_1_181' title='bbox 363 1190 451 1235; x_wconf 86' lang='lat' dir='ltr'>post</span> <span class='ocrx_word' id='word_1_182' title='bbox 484 1190 666 1221; x_wconf 87' lang='lat' dir='ltr'>mortem:</span> <span class='ocrx_word' id='word_1_183' title='bbox 699 1182 809 1220; x_wconf 89' lang='lat' dir='ltr'>video</span> <span class='ocrx_word' id='word_1_184' title='bbox 842 1194 930 1232; x_wconf 88' lang='lat' dir='ltr'>nos,</span> <span class='ocrx_word' id='word_1_185' title='bbox 963 1183 995 1219; x_wconf 88' lang='lat' dir='ltr'>si</span> <span class='ocrx_word' id='word_1_186' title='bbox 1027 1183 1078 1220; x_wconf 89' lang='lat' dir='ltr'>ita</span> <span class='ocrx_word' id='word_1_187' title='bbox 1112 1182 1178 1233; x_wconf 88' lang='lat' dir='ltr'>sit,</span> <span class='ocrx_word' id='word_1_188' title='bbox 1215 1181 1358 1232; x_wconf 83' lang='lat' dir='ltr'>privari</span> <span class='ocrx_word' id='word_1_189' title='bbox 1391 1192 1458 1231; x_wconf 88' lang='lat' dir='ltr'>spe</span> <span class='ocrx_word' id='word_1_190' title='bbox 1493 1179 1677 1218; x_wconf 88' lang='lat' dir='ltr'>beatioris</span> 
     </span>
     <span class='ocr_line' id='line_1_23' title="bbox 127 1238 1677 1295; baseline -0.004 -14"><span class='ocrx_word' id='word_1_191' title='bbox 127 1247 244 1295; x_wconf 75' lang='lat' dir='ltr'>vitae3</span> <span class='ocrx_word' id='word_1_192' title='bbox 280 1243 366 1281; x_wconf 89' lang='lat' dir='ltr'>mali</span> <span class='ocrx_word' id='word_1_193' title='bbox 398 1255 489 1280; x_wconf 84' lang='lat' dir='ltr'>vero</span> <span class='ocrx_word' id='word_1_194' title='bbox 523 1242 615 1293; x_wconf 88' lang='lat' dir='ltr'>quid</span> <span class='ocrx_word' id='word_1_195' title='bbox 649 1241 774 1279; x_wconf 84' lang='lat' dir='ltr'>adfert</span> <span class='ocrx_word' id='word_1_196' title='bbox 807 1242 877 1279; x_wconf 88' lang='lat' dir='ltr'>ista</span> <span class='ocrx_word' id='word_1_197' title='bbox 911 1238 1131 1279; x_wconf 72' lang='lat' dir='ltr'>sententia?</span> <span class='ocrx_word' id='word_1_198' title='bbox 1176 1239 1249 1277; x_wconf 86' lang='lat' dir='ltr'>Fac</span> <span class='ocrx_word' id='word_1_199' title='bbox 1283 1240 1384 1277; x_wconf 91' lang='lat' dir='ltr'>enim</span> <span class='ocrx_word' id='word_1_200' title='bbox 1419 1240 1473 1277; x_wconf 89' lang='lat' dir='ltr'>sic</span> <span class='ocrx_word' id='word_1_201' title='bbox 1507 1239 1677 1276; x_wconf 88' lang='lat' dir='ltr'>animum</span> 
     </span>
    </p>
   </div>
   <div class='ocr_carea' id='block_1_5' title="bbox 128 1422 1679 1467">
    <p class='ocr_par' dir='ltr' id='par_1_6' title="bbox 128 1422 1679 1467">
     <span class='ocr_line' id='line_1_24' title="bbox 128 1422 1679 1467; baseline -0.005 -4"><span class='ocrx_word' id='word_1_202' title='bbox 128 1427 354 1464; x_wconf 73' lang='lat' dir='ltr'>namentlich</span> <span class='ocrx_word' id='word_1_203' title='bbox 392 1426 450 1461; x_wconf 86' lang='lat' dir='ltr'>die</span> <span class='ocrx_word' id='word_1_204' title='bbox 485 1426 589 1460; x_wconf 80' lang='lat' dir='ltr'>Hitze</span> <span class='ocrx_word' id='word_1_205' title='bbox 628 1425 691 1460; x_wconf 86' lang='lat' dir='ltr'>des</span> <span class='ocrx_word' id='word_1_206' title='bbox 732 1425 868 1467; x_wconf 80' lang='lat' dir='ltr'>Blutes,</span> <span class='ocrx_word' id='word_1_207' title='bbox 940 1427 999 1459; x_wconf 77' lang='lat' dir='ltr'>tus</span> <span class='ocrx_word' id='word_1_208' title='bbox 1051 1436 1125 1459; x_wconf 78' lang='lat' dir='ltr'>war</span> <span class='ocrx_word' id='word_1_209' title='bbox 1175 1434 1246 1458; x_wconf 86' lang='lat' dir='ltr'>von</span> <span class='ocrx_word' id='word_1_210' title='bbox 1291 1423 1331 1465; x_wconf 84' lang='lat' dir='ltr'>Q.</span> <span class='ocrx_word' id='word_1_211' title='bbox 1376 1422 1512 1458; x_wconf 83' lang='lat' dir='ltr'>Fabius</span> <span class='ocrx_word' id='word_1_212' title='bbox 1555 1422 1679 1457; x_wconf 86' lang='lat' dir='ltr'>Labeo</span> 
     </span>
    </p>
   </div>
   <div class='ocr_carea' id='block_1_6' title="bbox 129 1472 872 1840">
    <p class='ocr_par' dir='ltr' id='par_1_7' title="bbox 129 1472 872 1840">
     <span class='ocr_line' id='line_1_25' title="bbox 130 1472 868 1517; baseline -0.004 -8"><span class='ocrx_word' id='word_1_213' title='bbox 130 1475 268 1510; x_wconf 87' lang='lat' dir='ltr'>welche</span> <span class='ocrx_word' id='word_1_214' title='bbox 318 1474 377 1509; x_wconf 91' lang='lat' dir='ltr'>bei</span> <span class='ocrx_word' id='word_1_215' title='bbox 427 1473 562 1517; x_wconf 80' lang='lat' dir='ltr'>geistig</span> <span class='ocrx_word' id='word_1_216' title='bbox 613 1472 868 1507; x_wconf 85' lang='lat' dir='ltr'>bedeutenden</span> 
     </span>
     <span class='ocr_line' id='line_1_26' title="bbox 129 1519 869 1566; baseline -0.006 -9"><span class='ocrx_word' id='word_1_217' title='bbox 129 1522 329 1558; x_wconf 85' lang='lat' dir='ltr'>Menschen</span> <span class='ocrx_word' id='word_1_218' title='bbox 355 1520 495 1566; x_wconf 69' lang='lat' dir='ltr'>grosser</span> <span class='ocrx_word' id='word_1_219' title='bbox 521 1520 572 1554; x_wconf 87' lang='lat' dir='ltr'>sei</span> <span class='ocrx_word' id='word_1_220' title='bbox 598 1519 651 1554; x_wconf 81' lang='lat' dir='ltr'>als</span> <span class='ocrx_word' id='word_1_221' title='bbox 677 1519 736 1554; x_wconf 89' lang='lat' dir='ltr'>bei</span> <span class='ocrx_word' id='word_1_222' title='bbox 760 1519 869 1553; x_wconf 82' lang='lat' dir='ltr'>ande-</span> 
     </span>
     <span class='ocr_line' id='line_1_27' title="bbox 129 1566 869 1614; baseline -0.007 -10"><span class='ocrx_word' id='word_1_223' title='bbox 129 1581 211 1613; x_wconf 85' lang='lat' dir='ltr'>ren,</span> <span class='ocrx_word' id='word_1_224' title='bbox 254 1569 339 1614; x_wconf 62' lang='grc' dir='ltr'>ι18118</span> <span class='ocrx_word' id='word_1_225' title='bbox 384 1569 477 1602; x_wconf 84' lang='lat' dir='ltr'>auch</span> <span class='ocrx_word' id='word_1_226' title='bbox 522 1579 583 1600; x_wconf 83' lang='lat' dir='ltr'>zur</span> <span class='ocrx_word' id='word_1_227' title='bbox 623 1566 869 1601; x_wconf 83' lang='lat' dir='ltr'>Melancholie</span> 
     </span>
     <span class='ocr_line' id='line_1_28' title="bbox 130 1612 872 1662; baseline -0.007 -10.986"><span class='ocrx_word' id='word_1_228' title='bbox 130 1616 281 1662; x_wconf 74' lang='lat' dir='ltr'>geneigt</span> <span class='ocrx_word' id='word_1_229' title='bbox 316 1616 461 1656; x_wconf 81' lang='lat' dir='ltr'>mache,</span> <span class='ocrx_word' id='word_1_230' title='bbox 500 1614 574 1648; x_wconf 87' lang='lat' dir='ltr'>und</span> <span class='ocrx_word' id='word_1_231' title='bbox 612 1614 740 1647; x_wconf 80' lang='lat' dir='ltr'>darum</span> <span class='ocrx_word' id='word_1_232' title='bbox 773 1612 872 1658; x_wconf 72' lang='lat' dir='ltr'>passt</span> 
     </span>
     <span class='ocr_line' id='line_1_29' title="bbox 130 1660 870 1707; baseline -0.007 -9"><span class='ocrx_word' id='word_1_233' title='bbox 130 1665 195 1698; x_wconf 87' lang='lat' dir='ltr'>das</span> <span class='ocrx_word' id='word_1_234' title='bbox 221 1663 399 1707; x_wconf 84' lang='lat' dir='ltr'>Beispiel,</span> <span class='ocrx_word' id='word_1_235' title='bbox 431 1674 492 1695; x_wconf 87' lang='lat' dir='ltr'>um</span> <span class='ocrx_word' id='word_1_236' title='bbox 525 1661 594 1695; x_wconf 85' lang='lat' dir='ltr'>den</span> <span class='ocrx_word' id='word_1_237' title='bbox 621 1660 774 1694; x_wconf 84' lang='lat' dir='ltr'>Einfluss</span> <span class='ocrx_word' id='word_1_238' title='bbox 807 1660 870 1694; x_wconf 82' lang='lat' dir='ltr'>des</span> 
     </span>
     <span class='ocr_line' id='line_1_30' title="bbox 131 1706 870 1755; baseline -0.005 -10"><span class='ocrx_word' id='word_1_239' title='bbox 131 1712 289 1755; x_wconf 68' lang='lat' dir='ltr'>Korpers</span> <span class='ocrx_word' id='word_1_240' title='bbox 316 1710 381 1744; x_wconf 80' lang='lat' dir='ltr'>auf</span> <span class='ocrx_word' id='word_1_241' title='bbox 403 1709 472 1743; x_wconf 88' lang='lat' dir='ltr'>den</span> <span class='ocrx_word' id='word_1_242' title='bbox 489 1707 592 1742; x_wconf 74' lang='lat' dir='ltr'>Geist</span> <span class='ocrx_word' id='word_1_243' title='bbox 617 1720 660 1741; x_wconf 86' lang='lat' dir='ltr'>zu</span> <span class='ocrx_word' id='word_1_244' title='bbox 686 1706 870 1742; x_wconf 86' lang='lat' dir='ltr'>erweisen.</span> 
     </span>
     <span class='ocr_line' id='line_1_31' title="bbox 132 1754 872 1799; baseline -0.006 -7"><span class='ocrx_word' id='word_1_245' title='bbox 132 1758 277 1792; x_wconf 78' lang='lat' dir='ltr'>Ciceros</span> <span class='ocrx_word' id='word_1_246' title='bbox 311 1756 550 1799; x_wconf 73' lang='lat' dir='ltr'>Darstellung</span> <span class='ocrx_word' id='word_1_247' title='bbox 587 1755 682 1789; x_wconf 78' lang='lat' dir='ltr'>fehlt:</span> <span class='ocrx_word' id='word_1_248' title='bbox 718 1765 755 1789; x_wconf 82' lang='lat' dir='ltr'>es</span> <span class='ocrx_word' id='word_1_249' title='bbox 790 1754 872 1788; x_wconf 83' lang='lat' dir='ltr'>frei-</span> 
     </span>
     <span class='ocr_line' id='line_1_32' title="bbox 133 1803 482 1840; baseline -0.006 -1"><span class='ocrx_word' id='word_1_250' title='bbox 133 1805 207 1840; x_wconf 87' lang='lat' dir='ltr'>lich</span> <span class='ocrx_word' id='word_1_251' title='bbox 234 1816 281 1839; x_wconf 85' lang='lat' dir='ltr'>an</span> <span class='ocrx_word' id='word_1_252' title='bbox 307 1803 482 1838; x_wconf 75' lang='lat' dir='ltr'>Klarheit.</span> 
     </span>
    </p>
   </div>
   <div class='ocr_carea' id='block_1_7' title="bbox 130 1860 874 2190">
    <p class='ocr_par' dir='ltr' id='par_1_8' title="bbox 132 1860 874 2190">
     <span class='ocr_line' id='line_1_33' title="bbox 179 1860 874 1906; baseline -0.004 -8"><span class='ocrx_word' id='word_1_253' title='bbox 179 1875 220 1898; x_wconf 82' lang='lat' dir='ltr'>ea</span> <span class='ocrx_word' id='word_1_254' title='bbox 245 1867 329 1898; x_wconf 80' lang='lat' dir='ltr'>sunt</span> <span class='ocrx_word' id='word_1_255' title='bbox 356 1883 397 1887; x_wconf 80' lang='lat'>-—</span> <span class='ocrx_word' id='word_1_256' title='bbox 425 1873 515 1906; x_wconf 74' lang='lat' dir='ltr'>quae</span> <span class='ocrx_word' id='word_1_257' title='bbox 540 1862 699 1904; x_wconf 76' lang='lat' dir='ltr'>faciant,</span> <span class='ocrx_word' id='word_1_258' title='bbox 736 1861 800 1895; x_wconf 85' lang='lat' dir='ltr'>das</span> <span class='ocrx_word' id='word_1_259' title='bbox 826 1860 874 1895; x_wconf 75' lang='lat' dir='ltr'>ist</span> 
     </span>
     <span class='ocr_line' id='line_1_34' title="bbox 132 1908 872 1951; baseline -0.006 -6"><span class='ocrx_word' id='word_1_260' title='bbox 132 1922 203 1945; x_wconf 83' lang='lat' dir='ltr'>von</span> <span class='ocrx_word' id='word_1_261' title='bbox 236 1910 300 1944; x_wconf 86' lang='lat' dir='ltr'>der</span> <span class='ocrx_word' id='word_1_262' title='bbox 331 1911 413 1951; x_wconf 81' lang='lat' dir='ltr'>Ar,t</span> <span class='ocrx_word' id='word_1_263' title='bbox 454 1908 532 1942; x_wconf 83' lang='lat' dir='ltr'>dass</span> <span class='ocrx_word' id='word_1_264' title='bbox 571 1919 620 1942; x_wconf 88' lang='lat' dir='ltr'>es.</span> <span class='ocrx_word' id='word_1_265' title='bbox 671 1909 744 1942; x_wconf 89' lang='lat' dir='ltr'>Der</span> <span class='ocrx_word' id='word_1_266' title='bbox 775 1908 872 1942; x_wconf 89' lang='lat' dir='ltr'>Kon-</span> 
     </span>
     <span class='ocr_line' id='line_1_35' title="bbox 130 1943 871 2003; baseline -0.006 -10.9"><span class='ocrx_word' id='word_1_267' title='bbox 130 1957 280 2003; x_wconf 75' lang='lat' dir='ltr'>junktiv</span> <span class='ocrx_word' id='word_1_268' title='bbox 306 1956 416 1999; x_wconf 78' lang='lat' dir='ltr'>steht,</span> <span class='ocrx_word' id='word_1_269' title='bbox 449 1956 530 1990; x_wconf 89' lang='lat' dir='ltr'>weil</span> <span class='ocrx_word' id='word_1_270' title='bbox 563 1955 627 1990; x_wconf 87' lang='lat' dir='ltr'>der</span> <span class='ocrx_word' id='word_1_271' title='bbox 653 1943 776 1989; x_wconf 74' lang='lat' dir='ltr'>Inhal&#39;t</span> <span class='ocrx_word' id='word_1_272' title='bbox 808 1955 871 1988; x_wconf 84' lang='lat' dir='ltr'>des</span> 
     </span>
     <span class='ocr_line' id='line_1_36' title="bbox 134 2002 872 2047; baseline -0.005 -8"><span class='ocrx_word' id='word_1_273' title='bbox 134 2004 401 2040; x_wconf 72' lang='lat' dir='ltr'>Relativsatzes</span> <span class='ocrx_word' id='word_1_274' title='bbox 427 2003 481 2038; x_wconf 81' lang='lat' dir='ltr'>als</span> <span class='ocrx_word' id='word_1_275' title='bbox 501 2002 561 2036; x_wconf 87' lang='lat' dir='ltr'>die</span> <span class='ocrx_word' id='word_1_276' title='bbox 582 2002 694 2047; x_wconf 85' lang='lat' dir='ltr'>Folge</span> <span class='ocrx_word' id='word_1_277' title='bbox 716 2013 787 2037; x_wconf 87' lang='lat' dir='ltr'>von</span> <span class='ocrx_word' id='word_1_278' title='bbox 808 2002 872 2036; x_wconf 78' lang='lat' dir='ltr'>dei</span> 
     </span>
     <span class='ocr_line' id='line_1_37' title="bbox 134 2049 870 2093; baseline -0.006 -6"><span class='ocrx_word' id='word_1_279' title='bbox 134 2049 430 2087; x_wconf 80' lang='lat' dir='ltr'>Beschaffenheit</span> <span class='ocrx_word' id='word_1_280' title='bbox 467 2050 567 2084; x_wconf 89' lang='lat' dir='ltr'>einer</span> <span class='ocrx_word' id='word_1_281' title='bbox 605 2049 720 2084; x_wconf 68' lang='grc'><strong>880118</strong></span> <span class='ocrx_word' id='word_1_282' title='bbox 760 2060 870 2093; x_wconf 82' lang='lat' dir='ltr'>ange-</span> 
     </span>
     <span class='ocr_line' id='line_1_38' title="bbox 135 2097 871 2144; baseline -0.004 -11"><span class='ocrx_word' id='word_1_283' title='bbox 135 2099 253 2144; x_wconf 81' lang='lat' dir='ltr'>geben</span> <span class='ocrx_word' id='word_1_284' title='bbox 284 2098 386 2132; x_wconf 88' lang='lat' dir='ltr'>wird.</span> <span class='ocrx_word' id='word_1_285' title='bbox 439 2097 483 2131; x_wconf 91' lang='lat' dir='ltr'>de</span> <span class='ocrx_word' id='word_1_286' title='bbox 515 2098 574 2131; x_wconf 84' lang='lat' dir='ltr'>fin.</span> <span class='ocrx_word' id='word_1_287' title='bbox 609 2097 624 2130; x_wconf 93' lang='lat' dir='ltr'>I</span> <span class='ocrx_word' id='word_1_288' title='bbox 654 2101 714 2139; x_wconf 88' lang='lat'>13,</span> <span class='ocrx_word' id='word_1_289' title='bbox 741 2100 784 2130; x_wconf 87' lang='grc'>43</span> <span class='ocrx_word' id='word_1_290' title='bbox 817 2107 871 2130; x_wconf 82' lang='lat' dir='ltr'>sa-</span> 
     </span>
     <span class='ocr_line' id='line_1_39' title="bbox 133 2144 874 2190; baseline -0.004 -10"><span class='ocrx_word' id='word_1_291' title='bbox 133 2146 272 2190; x_wconf 74' lang='lat' dir='ltr'>pientia</span> <span class='ocrx_word' id='word_1_292' title='bbox 309 2148 357 2179; x_wconf 78' lang='lat' dir='ltr'>est</span> <span class='ocrx_word' id='word_1_293' title='bbox 395 2156 487 2186; x_wconf 78' lang='lat' dir='ltr'>una,</span> <span class='ocrx_word' id='word_1_294' title='bbox 531 2155 623 2188; x_wconf 79' lang='lat' dir='ltr'>quae</span> <span class='ocrx_word' id='word_1_295' title='bbox 659 2144 874 2178; x_wconf 66' lang='lat' dir='ltr'>maestitiam</span> 
     </span>
    </p>
   </div>
   <div class='ocr_carea' id='block_1_8' title="bbox 98 2191 873 2238">
    <p class='ocr_par' dir='ltr' id='par_1_9' title="bbox 98 2191 873 2238">
     <span class='ocr_line' id='line_1_40' title="bbox 98 2191 873 2238; baseline -0.004 -11"><span class='ocrx_word' id='word_1_296' title='bbox 98 2236 101 2237; x_wconf 19' lang='lat'><em>⁷</em></span> <span class='ocrx_word' id='word_1_297' title='bbox 130 2194 251 2238; x_wconf 72' lang='lat' dir='ltr'>pellat.</span> <span class='ocrx_word' id='word_1_298' title='bbox 304 2193 354 2227; x_wconf 84' lang='lat' dir='ltr'>lb.</span> <span class='ocrx_word' id='word_1_299' title='bbox 378 2196 430 2235; x_wconf 85' lang='lat'>16,</span> <span class='ocrx_word' id='word_1_300' title='bbox 452 2196 496 2226; x_wconf 78' lang='lat'>54</span> <span class='ocrx_word' id='word_1_301' title='bbox 522 2192 687 2236; x_wconf 70' lang='lat' dir='ltr'>voluptas</span> <span class='ocrx_word' id='word_1_302' title='bbox 713 2194 762 2225; x_wconf 74' lang='lat' dir='ltr'>est</span> <span class='ocrx_word' id='word_1_303' title='bbox 786 2191 873 2231; x_wconf 78' lang='lat' dir='ltr'>sola,</span> 
     </span>
    </p>
   </div>
   <div class='ocr_carea' id='block_1_9' title="bbox 136 2239 576 2285">
    <p class='ocr_par' dir='ltr' id='par_1_10' title="bbox 136 2239 576 2285">
     <span class='ocr_line' id='line_1_41' title="bbox 136 2239 576 2285; baseline -0.002 -11"><span class='ocrx_word' id='word_1_304' title='bbox 136 2251 225 2285; x_wconf 70' lang='lat' dir='ltr'>quae</span> <span class='ocrx_word' id='word_1_305' title='bbox 250 2250 314 2274; x_wconf 73' lang='lat' dir='ltr'>uos</span> <span class='ocrx_word' id='word_1_306' title='bbox 340 2243 433 2273; x_wconf 79' lang='lat' dir='ltr'>vocet</span> <span class='ocrx_word' id='word_1_307' title='bbox 460 2239 508 2273; x_wconf 80' lang='lat' dir='ltr'>ad</span> <span class='ocrx_word' id='word_1_308' title='bbox 533 2250 576 2273; x_wconf 79' lang='lat' dir='ltr'>se.</span> 
     </span>
    </p>
   </div>
   <div class='ocr_carea' id='block_1_10' title="bbox 135 2298 876 2636">
    <p class='ocr_par' dir='ltr' id='par_1_11' title="bbox 135 2298 710 2390">
     <span class='ocr_line' id='line_1_42' title="bbox 182 2298 666 2340; baseline -0.002 -8"><span class='ocrx_word' id='word_1_309' title='bbox 182 2299 275 2332; x_wconf 71' lang='lat' dir='ltr'>m&#39;hc&#39;l</span> <span class='ocrx_word' id='word_1_310' title='bbox 323 2298 542 2332; x_wconf 69' lang='lat' dir='ltr'>necessitatis</span> <span class='ocrx_word' id='word_1_311' title='bbox 591 2298 666 2340; x_wconf 77' lang='lat' dir='ltr'>ads.</span> 
     </span>
     <span class='ocr_line' id='line_1_43' title="bbox 135 2343 710 2390; baseline -0.003 -10"><span class='ocrx_word' id='word_1_312' title='bbox 135 2346 267 2380; x_wconf 85' lang='lat' dir='ltr'>keinen</span> <span class='ocrx_word' id='word_1_313' title='bbox 294 2345 531 2390; x_wconf 85' lang='lat' dir='ltr'>zwingenden</span> <span class='ocrx_word' id='word_1_314' title='bbox 558 2343 710 2379; x_wconf 87' lang='lat' dir='ltr'>Grund’.</span> 
     </span>
    </p>

    <p class='ocr_par' dir='ltr' id='par_1_12' title="bbox 137 2403 876 2636">
     <span class='ocr_line' id='line_1_44' title="bbox 183 2403 876 2445; baseline -0.006 -6"><span class='ocrx_word' id='word_1_315' title='bbox 183 2409 238 2440; x_wconf 86' lang='lat'>81.</span> <span class='ocrx_word' id='word_1_316' title='bbox 277 2404 370 2438; x_wconf 63' lang='lat' dir='ltr'>vixit</span> <span class='ocrx_word' id='word_1_317' title='bbox 407 2415 434 2437; x_wconf 81' lang='lat' dir='ltr'>c.</span> <span class='ocrx_word' id='word_1_318' title='bbox 472 2403 669 2445; x_wconf 72' lang='lat' dir='ltr'>Africano,</span> <span class='ocrx_word' id='word_1_319' title='bbox 711 2403 764 2436; x_wconf 83' lang='lat' dir='ltr'>‘er</span> <span class='ocrx_word' id='word_1_320' title='bbox 802 2414 876 2436; x_wconf 79' lang='lat' dir='ltr'>war</span> 
     </span>
     <span class='ocr_line' id='line_1_45' title="bbox 138 2449 874 2486; baseline -0.003 -1"><span class='ocrx_word' id='word_1_321' title='bbox 138 2451 206 2486; x_wconf 73' lang='lat' dir='ltr'>mit</span> <span class='ocrx_word' id='word_1_322' title='bbox 243 2451 319 2485; x_wconf 83' lang='lat' dir='ltr'>ihm</span> <span class='ocrx_word' id='word_1_323' title='bbox 356 2450 601 2485; x_wconf 81' lang='lat' dir='ltr'>befreundet’.</span> <span class='ocrx_word' id='word_1_324' title='bbox 652 2449 780 2484; x_wconf 78' lang='lat' dir='ltr'>Horat.</span> <span class='ocrx_word' id='word_1_325' title='bbox 807 2450 874 2483; x_wconf 69' lang='lat' dir='ltr'>sat.</span> 
     </span>
     <span class='ocr_line' id='line_1_46' title="bbox 139 2496 875 2540; baseline -0.005 -7"><span class='ocrx_word' id='word_1_326' title='bbox 139 2500 153 2533; x_wconf 91' lang='lat' dir='ltr'>I</span> <span class='ocrx_word' id='word_1_327' title='bbox 180 2502 212 2540; x_wconf 70' lang='lat'>4,</span> <span class='ocrx_word' id='word_1_328' title='bbox 239 2502 281 2532; x_wconf 86' lang='grc'>81</span> <span class='ocrx_word' id='word_1_329' title='bbox 315 2499 394 2532; x_wconf 63' lang='lat' dir='ltr'>‘vimi</span> <span class='ocrx_word' id='word_1_330' title='bbox 419 2509 497 2532; x_wconf 77' lang='lat' dir='ltr'>cum</span> <span class='ocrx_word' id='word_1_331' title='bbox 523 2498 662 2540; x_wconf 74' lang='lat' dir='ltr'>quibus.</span> <span class='ocrx_word' id='word_1_332' title='bbox 715 2496 771 2530; x_wconf 83' lang='lat' dir='ltr'>ad.</span> <span class='ocrx_word' id='word_1_333' title='bbox 800 2496 875 2530; x_wconf 75' lang='lat' dir='ltr'>Att.</span> 
     </span>
     <span class='ocr_line' id='line_1_47' title="bbox 139 2544 875 2588; baseline -0.004 -8"><span class='ocrx_word' id='word_1_334' title='bbox 139 2546 222 2580; x_wconf 87' lang='lat' dir='ltr'>XIV</span> <span class='ocrx_word' id='word_1_335' title='bbox 249 2549 305 2588; x_wconf 79' lang='lat'>20,</span> <span class='ocrx_word' id='word_1_336' title='bbox 332 2549 353 2579; x_wconf 80' lang='lat'>4</span> <span class='ocrx_word' id='word_1_337' title='bbox 378 2546 438 2579; x_wconf 75' lang='lat' dir='ltr'>ille</span> <span class='ocrx_word' id='word_1_338' title='bbox 463 2547 592 2588; x_wconf 77' lang='lat' dir='ltr'>optime</span> <span class='ocrx_word' id='word_1_339' title='bbox 618 2544 789 2588; x_wconf 75' lang='lat' dir='ltr'>quuitur,</span> <span class='ocrx_word' id='word_1_340' title='bbox 816 2544 875 2577; x_wconf 81' lang='lat' dir='ltr'>sed</span> 
     </span>
     <span class='ocr_line' id='line_1_48' title="bbox 137 2591 714 2636; baseline -0.003 -9"><span class='ocrx_word' id='word_1_341' title='bbox 137 2594 225 2628; x_wconf 71' lang='lat' dir='ltr'>vivit</span> <span class='ocrx_word' id='word_1_342' title='bbox 249 2593 458 2636; x_wconf 70' lang='lat' dir='ltr'>habitatque</span> <span class='ocrx_word' id='word_1_343' title='bbox 483 2603 561 2626; x_wconf 84' lang='lat' dir='ltr'>cum</span> <span class='ocrx_word' id='word_1_344' title='bbox 587 2591 714 2625; x_wconf 77' lang='lat' dir='ltr'>Balbo.</span> 
     </span>
    </p>
   </div>
   <div class='ocr_carea' id='block_1_11' title="bbox 140 2649 875 2884">
    <p class='ocr_par' dir='ltr' id='par_1_13' title="bbox 140 2649 875 2884">
     <span class='ocr_line' id='line_1_49' title="bbox 186 2649 875 2694; baseline -0.004 -8"><span class='ocrx_word' id='word_1_345' title='bbox 186 2652 361 2694; x_wconf 72' lang='lat' dir='ltr'>Africani</span> <span class='ocrx_word' id='word_1_346' title='bbox 385 2651 514 2693; x_wconf 61' lang='lat' dir='ltr'>fratris</span> <span class='ocrx_word' id='word_1_347' title='bbox 538 2660 656 2694; x_wconf 76' lang='lat' dir='ltr'>nepos</span> <span class='ocrx_word' id='word_1_348' title='bbox 697 2649 771 2684; x_wconf 90' lang='lat' dir='ltr'>Der</span> <span class='ocrx_word' id='word_1_349' title='bbox 793 2649 875 2694; x_wconf 74' lang='lat' dir='ltr'>jiin-</span> 
     </span>
     <span class='ocr_line' id='line_1_50' title="bbox 140 2695 874 2745; baseline -0.005 -12"><span class='ocrx_word' id='word_1_350' title='bbox 140 2710 225 2745; x_wconf 83' lang='lat' dir='ltr'>gere</span> <span class='ocrx_word' id='word_1_351' title='bbox 252 2698 446 2733; x_wconf 84' lang='lat' dir='ltr'>Africanus</span> <span class='ocrx_word' id='word_1_352' title='bbox 478 2708 553 2731; x_wconf 83' lang='lat' dir='ltr'>war</span> <span class='ocrx_word' id='word_1_353' title='bbox 585 2699 648 2731; x_wconf 89' lang='lat' dir='ltr'>der</span> <span class='ocrx_word' id='word_1_354' title='bbox 681 2696 780 2731; x_wconf 82' lang='lat' dir='ltr'>Sohn</span> <span class='ocrx_word' id='word_1_355' title='bbox 812 2695 874 2730; x_wconf 81' lang='lat' dir='ltr'>des</span> 
     </span>
     <span class='ocr_line' id='line_1_51' title="bbox 142 2739 875 2780; baseline -0.006 0"><span class='ocrx_word' id='word_1_356' title='bbox 142 2747 178 2780; x_wconf 94' lang='lat' dir='ltr'>L.</span> <span class='ocrx_word' id='word_1_357' title='bbox 201 2739 357 2780; x_wconf 58' lang='grc' dir='ltr'><strong>111111Ιί118</strong></span> <span class='ocrx_word' id='word_1_358' title='bbox 382 2744 517 2780; x_wconf 82' lang='lat' dir='ltr'>Paulus</span> <span class='ocrx_word' id='word_1_359' title='bbox 543 2744 617 2778; x_wconf 87' lang='lat' dir='ltr'>und</span> <span class='ocrx_word' id='word_1_360' title='bbox 643 2755 715 2778; x_wconf 89' lang='lat' dir='ltr'>von</span> <span class='ocrx_word' id='word_1_361' title='bbox 742 2743 778 2778; x_wconf 91' lang='grc' dir='ltr'>Ρ.</span> <span class='ocrx_word' id='word_1_362' title='bbox 802 2742 875 2776; x_wconf 78' lang='grc'><strong>881-</strong></span> 
     </span>
     <span class='ocr_line' id='line_1_52' title="bbox 140 2790 875 2837; baseline -0.006 -10"><span class='ocrx_word' id='word_1_363' title='bbox 140 2793 218 2837; x_wconf 85' lang='lat' dir='ltr'>pio</span> <span class='ocrx_word' id='word_1_364' title='bbox 257 2793 339 2827; x_wconf 88' lang='lat' dir='ltr'>dem</span> <span class='ocrx_word' id='word_1_365' title='bbox 374 2791 474 2827; x_wconf 87' lang='lat' dir='ltr'>Sohn</span> <span class='ocrx_word' id='word_1_366' title='bbox 512 2791 575 2825; x_wconf 90' lang='lat' dir='ltr'>des</span> <span class='ocrx_word' id='word_1_367' title='bbox 613 2791 755 2825; x_wconf 60' lang='lat' dir='ltr'>alteren</span> <span class='ocrx_word' id='word_1_368' title='bbox 782 2790 875 2824; x_wconf 83' lang='lat' dir='ltr'>Afri-</span> 
     </span>
     <span class='ocr_line' id='line_1_53' title="bbox 141 2837 875 2884; baseline -0.005 -10"><span class='ocrx_word' id='word_1_369' title='bbox 141 2851 263 2884; x_wconf 83' lang='lat' dir='ltr'>canus,</span> <span class='ocrx_word' id='word_1_370' title='bbox 279 2840 473 2884; x_wconf 75' lang='lat' dir='ltr'>adoptiert.</span> <span class='ocrx_word' id='word_1_371' title='bbox 510 2838 595 2873; x_wconf 85' lang='lat' dir='ltr'>Sein</span> <span class='ocrx_word' id='word_1_372' title='bbox 614 2838 750 2872; x_wconf 79' lang='lat' dir='ltr'>Bruder</span> <span class='ocrx_word' id='word_1_373' title='bbox 767 2837 875 2878; x_wconf 77' lang='lat' dir='ltr'>Quin-</span> 
     </span>
    </p>
   </div>
   <div class='ocr_carea' id='block_1_12' title="bbox 716 2296 876 2331">
    <p class='ocr_par' dir='ltr' id='par_1_14' title="bbox 716 2296 876 2331">
     <span class='ocr_line' id='line_1_54' title="bbox 716 2296 876 2331; baseline -0.006 0"><span class='ocrx_word' id='word_1_374' title='bbox 716 2296 876 2331; x_wconf 63' lang='lat' dir='ltr'>‘enthatt</span> 
     </span>
    </p>
   </div>
   <div class='ocr_carea' id='block_1_13' title="bbox 941 1468 1687 2872">
    <p class='ocr_par' dir='ltr' id='par_1_15' title="bbox 942 1468 1681 1703">
     <span class='ocr_line' id='line_1_55' title="bbox 942 1468 1676 1516; baseline -0.004 -10"><span class='ocrx_word' id='word_1_375' title='bbox 942 1472 1127 1516; x_wconf 76' lang='lat' dir='ltr'>adoptiert</span> <span class='ocrx_word' id='word_1_376' title='bbox 1153 1470 1225 1504; x_wconf 87' lang='lat' dir='ltr'>und</span> <span class='ocrx_word' id='word_1_377' title='bbox 1252 1471 1354 1504; x_wconf 76' lang='lat' dir='ltr'>hatte</span> <span class='ocrx_word' id='word_1_378' title='bbox 1381 1482 1462 1504; x_wconf 90' lang='lat' dir='ltr'>zum</span> <span class='ocrx_word' id='word_1_379' title='bbox 1480 1468 1579 1504; x_wconf 91' lang='lat' dir='ltr'>Sohn</span> <span class='ocrx_word' id='word_1_380' title='bbox 1604 1468 1676 1503; x_wconf 85' lang='lat' dir='ltr'>den</span> 
     </span>
     <span class='ocr_line' id='line_1_56' title="bbox 944 1516 1678 1561; baseline -0.004 -8"><span class='ocrx_word' id='word_1_381' title='bbox 944 1520 984 1561; x_wconf 76' lang='lat'>(2.</span> <span class='ocrx_word' id='word_1_382' title='bbox 1017 1518 1151 1553; x_wconf 80' lang='lat' dir='ltr'>Fabius</span> <span class='ocrx_word' id='word_1_383' title='bbox 1189 1517 1369 1551; x_wconf 82' lang='lat' dir='ltr'>Maximus</span> <span class='ocrx_word' id='word_1_384' title='bbox 1411 1516 1678 1561; x_wconf 67' lang='lat' dir='ltr'>AllobrogicuS,</span> 
     </span>
     <span class='ocr_line' id='line_1_57' title="bbox 943 1563 1678 1599; baseline -0.001 -1"><span class='ocrx_word' id='word_1_385' title='bbox 943 1567 1072 1599; x_wconf 81' lang='lat' dir='ltr'>dessen</span> <span class='ocrx_word' id='word_1_386' title='bbox 1087 1566 1187 1599; x_wconf 84' lang='lat' dir='ltr'>Sohn</span> <span class='ocrx_word' id='word_1_387' title='bbox 1212 1565 1276 1598; x_wconf 77' lang='lat' dir='ltr'>der</span> <span class='ocrx_word' id='word_1_388' title='bbox 1302 1564 1381 1598; x_wconf 87' lang='lat' dir='ltr'>hier</span> <span class='ocrx_word' id='word_1_389' title='bbox 1407 1564 1594 1598; x_wconf 68' lang='lat' dir='ltr'>erwiihnte</span> <span class='ocrx_word' id='word_1_390' title='bbox 1620 1563 1678 1597; x_wconf 76' lang='lat' dir='ltr'>ist.</span> 
     </span>
     <span class='ocr_line' id='line_1_58' title="bbox 944 1611 1681 1656; baseline -0.003 -10"><span class='ocrx_word' id='word_1_391' title='bbox 944 1613 992 1646; x_wconf 85' lang='lat' dir='ltr'>Er</span> <span class='ocrx_word' id='word_1_392' title='bbox 1018 1612 1141 1646; x_wconf 82' lang='lat' dir='ltr'>wurde</span> <span class='ocrx_word' id='word_1_393' title='bbox 1167 1622 1237 1646; x_wconf 87' lang='lat' dir='ltr'>von</span> <span class='ocrx_word' id='word_1_394' title='bbox 1265 1611 1388 1645; x_wconf 79' lang='lat' dir='ltr'>Staats</span> <span class='ocrx_word' id='word_1_395' title='bbox 1415 1621 1542 1656; x_wconf 87' lang='lat' dir='ltr'>wegen</span> <span class='ocrx_word' id='word_1_396' title='bbox 1573 1611 1681 1645; x_wconf 80' lang='lat' dir='ltr'>unter</span> 
     </span>
     <span class='ocr_line' id='line_1_59' title="bbox 946 1658 1286 1703; baseline -0.006 -9"><span class='ocrx_word' id='word_1_397' title='bbox 946 1659 1099 1694; x_wconf 74' lang='lat' dir='ltr'>Kuratel</span> <span class='ocrx_word' id='word_1_398' title='bbox 1125 1658 1286 1703; x_wconf 73' lang='lat' dir='ltr'>gestellt.</span> 
     </span>
    </p>

    <p class='ocr_par' dir='ltr' id='par_1_16' title="bbox 943 1704 1684 2077">
     <span class='ocr_line' id='line_1_60' title="bbox 991 1704 1681 1751; baseline -0.004 -10"><span class='ocrx_word' id='word_1_399' title='bbox 991 1708 1043 1741; x_wconf 78' lang='lat' dir='ltr'>vel</span> <span class='ocrx_word' id='word_1_400' title='bbox 1080 1707 1220 1751; x_wconf 74' lang='lat' dir='ltr'>patris,</span> <span class='ocrx_word' id='word_1_401' title='bbox 1267 1705 1549 1749; x_wconf 75' lang='lat' dir='ltr'>‘meinetwegen</span> <span class='ocrx_word' id='word_1_402' title='bbox 1587 1704 1681 1738; x_wconf 80' lang='lat' dir='ltr'>auch</span> 
     </span>
     <span class='ocr_line' id='line_1_61' title="bbox 945 1751 1683 1796; baseline -0.003 -8"><span class='ocrx_word' id='word_1_403' title='bbox 945 1754 1083 1789; x_wconf 81' lang='lat' dir='ltr'>seinem</span> <span class='ocrx_word' id='word_1_404' title='bbox 1122 1753 1261 1788; x_wconf 73' lang='lat' dir='ltr'>Vater’.</span> <span class='ocrx_word' id='word_1_405' title='bbox 1311 1751 1445 1796; x_wconf 65' lang='lat' dir='ltr'>H&#39;ftufig</span> <span class='ocrx_word' id='word_1_406' title='bbox 1486 1751 1589 1786; x_wconf 72' lang='lat' dir='ltr'>fflhrt</span> <span class='ocrx_word' id='word_1_407' title='bbox 1630 1752 1683 1786; x_wconf 82' lang='lat' dir='ltr'>vel</span> 
     </span>
     <span class='ocr_line' id='line_1_62' title="bbox 944 1798 1680 1845; baseline -0.005 -9"><span class='ocrx_word' id='word_1_408' title='bbox 944 1801 1048 1836; x_wconf 76' lang='lat' dir='ltr'>nicht</span> <span class='ocrx_word' id='word_1_409' title='bbox 1083 1801 1216 1845; x_wconf 84' lang='lat' dir='ltr'>gerade</span> <span class='ocrx_word' id='word_1_410' title='bbox 1252 1800 1332 1834; x_wconf 86' lang='lat' dir='ltr'>eine</span> <span class='ocrx_word' id='word_1_411' title='bbox 1359 1799 1579 1844; x_wconf 80' lang='lat' dir='ltr'>Steigerung</span> <span class='ocrx_word' id='word_1_412' title='bbox 1611 1798 1680 1841; x_wconf 88' lang='lat' dir='ltr'>ein,</span> 
     </span>
     <span class='ocr_line' id='line_1_63' title="bbox 945 1845 1682 1891; baseline -0.004 -8"><span class='ocrx_word' id='word_1_413' title='bbox 945 1848 1102 1883; x_wconf 88' lang='lat' dir='ltr'>sondern</span> <span class='ocrx_word' id='word_1_414' title='bbox 1122 1849 1246 1891; x_wconf 73' lang='lat' dir='ltr'>etwas,</span> <span class='ocrx_word' id='word_1_415' title='bbox 1260 1858 1333 1882; x_wconf 83' lang='lat' dir='ltr'>von</span> <span class='ocrx_word' id='word_1_416' title='bbox 1353 1846 1436 1881; x_wconf 90' lang='lat' dir='ltr'>dem</span> <span class='ocrx_word' id='word_1_417' title='bbox 1451 1846 1514 1881; x_wconf 89' lang='lat' dir='ltr'>der</span> <span class='ocrx_word' id='word_1_418' title='bbox 1530 1845 1682 1880; x_wconf 78' lang='lat' dir='ltr'>Schrift-</span> 
     </span>
     <span class='ocr_line' id='line_1_64' title="bbox 946 1891 1682 1939; baseline -0.004 -9"><span class='ocrx_word' id='word_1_419' title='bbox 946 1895 1071 1930; x_wconf 83' lang='lat' dir='ltr'>steller</span> <span class='ocrx_word' id='word_1_420' title='bbox 1104 1895 1242 1929; x_wconf 81' lang='lat' dir='ltr'>andern</span> <span class='ocrx_word' id='word_1_421' title='bbox 1274 1893 1481 1939; x_wconf 62' lang='lat' dir='ltr'>zugesteffl,</span> <span class='ocrx_word' id='word_1_422' title='bbox 1520 1891 1599 1927; x_wconf 85' lang='lat' dir='ltr'>dass</span> <span class='ocrx_word' id='word_1_423' title='bbox 1630 1892 1682 1927; x_wconf 86' lang='lat' dir='ltr'>sie</span> 
     </span>
     <span class='ocr_line' id='line_1_65' title="bbox 946 1940 1684 1977; baseline -0.004 0"><span class='ocrx_word' id='word_1_424' title='bbox 946 1954 984 1977; x_wconf 87' lang='lat' dir='ltr'>es</span> <span class='ocrx_word' id='word_1_425' title='bbox 1010 1942 1216 1977; x_wconf 87' lang='lat' dir='ltr'>vorziehen.</span> <span class='ocrx_word' id='word_1_426' title='bbox 1260 1942 1301 1975; x_wconf 89' lang='lat' dir='ltr'>In</span> <span class='ocrx_word' id='word_1_427' title='bbox 1327 1941 1410 1975; x_wconf 91' lang='lat' dir='ltr'>dem</span> <span class='ocrx_word' id='word_1_428' title='bbox 1436 1940 1539 1975; x_wconf 86' lang='lat' dir='ltr'>Falle</span> <span class='ocrx_word' id='word_1_429' title='bbox 1563 1940 1684 1974; x_wconf 78' lang='lat' dir='ltr'>treten</span> 
     </span>
     <span class='ocr_line' id='line_1_66' title="bbox 943 1987 1683 2030; baseline -0.004 -6"><span class='ocrx_word' id='word_1_430' title='bbox 943 1989 1133 2024; x_wconf 81' lang='lat' dir='ltr'>bisweilen</span> <span class='ocrx_word' id='word_1_431' title='bbox 1165 1988 1336 2023; x_wconf 85' lang='lat' dir='ltr'>Formeln</span> <span class='ocrx_word' id='word_1_432' title='bbox 1367 1988 1436 2022; x_wconf 86' lang='lat' dir='ltr'>wie</span> <span class='ocrx_word' id='word_1_433' title='bbox 1473 1988 1506 2022; x_wconf 88' lang='lat' dir='ltr'>si</span> <span class='ocrx_word' id='word_1_434' title='bbox 1541 1988 1612 2030; x_wconf 76' lang='lat' dir='ltr'>vis,</span> <span class='ocrx_word' id='word_1_435' title='bbox 1649 1987 1683 2022; x_wconf 81' lang='lat' dir='ltr'>si</span> 
     </span>
     <span class='ocr_line' id='line_1_67' title="bbox 944 2033 1603 2077; baseline -0.002 -6"><span class='ocrx_word' id='word_1_436' title='bbox 944 2037 1070 2077; x_wconf 79' lang='lat' dir='ltr'>mavis,</span> <span class='ocrx_word' id='word_1_437' title='bbox 1094 2039 1135 2070; x_wconf 74' lang='lat' dir='ltr'>ut</span> <span class='ocrx_word' id='word_1_438' title='bbox 1159 2039 1220 2070; x_wconf 83' lang='lat' dir='ltr'>tuo</span> <span class='ocrx_word' id='word_1_439' title='bbox 1246 2036 1349 2070; x_wconf 79' lang='lat' dir='ltr'>verbo</span> <span class='ocrx_word' id='word_1_440' title='bbox 1375 2038 1461 2070; x_wconf 78' lang='lat' dir='ltr'>utar</span> <span class='ocrx_word' id='word_1_441' title='bbox 1485 2033 1603 2070; x_wconf 90' lang='lat' dir='ltr'>hinzu.</span> 
     </span>
    </p>

    <p class='ocr_par' dir='ltr' id='par_1_17' title="bbox 941 2081 1684 2213">
     <span class='ocr_line' id='line_1_68' title="bbox 993 2081 1684 2126; baseline -0.004 -8"><span class='ocrx_word' id='word_1_442' title='bbox 993 2084 1099 2126; x_wconf 78' lang='lat' dir='ltr'>facile</span> <span class='ocrx_word' id='word_1_443' title='bbox 1130 2083 1351 2118; x_wconf 75' lang='lat' dir='ltr'>deterrimus.</span> <span class='ocrx_word' id='word_1_444' title='bbox 1395 2081 1489 2116; x_wconf 86' lang='lat' dir='ltr'>Tim.</span> <span class='ocrx_word' id='word_1_445' title='bbox 1528 2086 1541 2115; x_wconf 91' lang='lat'>1</span> <span class='ocrx_word' id='word_1_446' title='bbox 1576 2081 1684 2124; x_wconf 80' lang='lat' dir='ltr'>facile</span> 
     </span>
     <span class='ocr_line' id='line_1_69' title="bbox 941 2129 1682 2176; baseline -0.004 -10"><span class='ocrx_word' id='word_1_447' title='bbox 941 2132 1121 2176; x_wconf 72' lang='lat' dir='ltr'>princeps.</span> <span class='ocrx_word' id='word_1_448' title='bbox 1172 2142 1206 2174; x_wconf 92' lang='lat' dir='ltr'>p.</span> <span class='ocrx_word' id='word_1_449' title='bbox 1234 2129 1325 2164; x_wconf 84' lang='lat' dir='ltr'>Rab.</span> <span class='ocrx_word' id='word_1_450' title='bbox 1353 2130 1451 2164; x_wconf 77' lang='lat' dir='ltr'>Post.</span> <span class='ocrx_word' id='word_1_451' title='bbox 1478 2133 1516 2173; x_wconf 88' lang='lat'>9,</span> <span class='ocrx_word' id='word_1_452' title='bbox 1549 2132 1592 2163; x_wconf 82' lang='lat'>23</span> <span class='ocrx_word' id='word_1_453' title='bbox 1625 2129 1682 2170; x_wconf 80' lang='lat' dir='ltr'>fa-</span> 
     </span>
     <span class='ocr_line' id='line_1_70' title="bbox 947 2178 1269 2213; baseline -0.006 0"><span class='ocrx_word' id='word_1_454' title='bbox 947 2179 1011 2213; x_wconf 81' lang='lat' dir='ltr'>cile</span> <span class='ocrx_word' id='word_1_455' title='bbox 1036 2178 1269 2212; x_wconf 78' lang='lat' dir='ltr'>doctissimus.</span> 
     </span>
    </p>

    <p class='ocr_par' dir='ltr' id='par_1_18' title="bbox 947 2223 1686 2589">
     <span class='ocr_line' id='line_1_71' title="bbox 993 2223 1681 2265; baseline -0.004 -6"><span class='ocrx_word' id='word_1_456' title='bbox 993 2225 1033 2259; x_wconf 88' lang='lat' dir='ltr'>P.</span> <span class='ocrx_word' id='word_1_457' title='bbox 1061 2225 1231 2259; x_wconf 64' lang='lat' dir='ltr'>Licinius</span> <span class='ocrx_word' id='word_1_458' title='bbox 1257 2224 1410 2259; x_wconf 80' lang='lat' dir='ltr'>Crassus</span> <span class='ocrx_word' id='word_1_459' title='bbox 1436 2223 1558 2265; x_wconf 65' lang='lat' dir='ltr'>Dives,</span> <span class='ocrx_word' id='word_1_460' title='bbox 1586 2223 1681 2257; x_wconf 88' lang='lat' dir='ltr'>Kon-</span> 
     </span>
     <span class='ocr_line' id='line_1_72' title="bbox 948 2268 1686 2315; baseline -0.004 -9"><span class='ocrx_word' id='word_1_461' title='bbox 948 2273 1004 2306; x_wconf 87' lang='lat' dir='ltr'>sul</span> <span class='ocrx_word' id='word_1_462' title='bbox 1030 2277 1091 2315; x_wconf 82' lang='grc'><strong>97,</strong></span> <span class='ocrx_word' id='word_1_463' title='bbox 1118 2273 1222 2306; x_wconf 79' lang='lat' dir='ltr'>hatte</span> <span class='ocrx_word' id='word_1_464' title='bbox 1248 2270 1368 2306; x_wconf 84' lang='lat' dir='ltr'>ausser</span> <span class='ocrx_word' id='word_1_465' title='bbox 1393 2271 1476 2305; x_wconf 89' lang='lat' dir='ltr'>dem</span> <span class='ocrx_word' id='word_1_466' title='bbox 1503 2268 1686 2304; x_wconf 84' lang='lat' dir='ltr'>Triumvir</span> 
     </span>
     <span class='ocr_line' id='line_1_73' title="bbox 947 2315 1685 2360; baseline -0.004 -6"><span class='ocrx_word' id='word_1_467' title='bbox 947 2319 1092 2354; x_wconf 82' lang='lat' dir='ltr'>Marcus</span> <span class='ocrx_word' id='word_1_468' title='bbox 1113 2319 1219 2353; x_wconf 89' lang='lat' dir='ltr'>einen</span> <span class='ocrx_word' id='word_1_469' title='bbox 1239 2318 1398 2353; x_wconf 82' lang='lat' dir='ltr'>anderen</span> <span class='ocrx_word' id='word_1_470' title='bbox 1412 2317 1511 2352; x_wconf 85' lang='lat' dir='ltr'>Sohn</span> <span class='ocrx_word' id='word_1_471' title='bbox 1523 2315 1685 2360; x_wconf 80' lang='lat' dir='ltr'>Publius,</span> 
     </span>
     <span class='ocr_line' id='line_1_74' title="bbox 948 2363 1685 2406; baseline -0.006 -5"><span class='ocrx_word' id='word_1_472' title='bbox 948 2367 1078 2401; x_wconf 86' lang='lat' dir='ltr'>dessen</span> <span class='ocrx_word' id='word_1_473' title='bbox 1100 2366 1200 2400; x_wconf 85' lang='lat' dir='ltr'>Sohn</span> <span class='ocrx_word' id='word_1_474' title='bbox 1227 2366 1291 2399; x_wconf 81' lang='lat' dir='ltr'>der</span> <span class='ocrx_word' id='word_1_475' title='bbox 1316 2365 1395 2399; x_wconf 87' lang='lat' dir='ltr'>hier</span> <span class='ocrx_word' id='word_1_476' title='bbox 1419 2363 1605 2399; x_wconf 70' lang='lat' dir='ltr'>e1·w{ihnte</span> <span class='ocrx_word' id='word_1_477' title='bbox 1625 2363 1685 2406; x_wconf 73' lang='lat' dir='ltr'>ist,</span> 
     </span>
     <span class='ocr_line' id='line_1_75' title="bbox 950 2410 1686 2448; baseline -0.005 0"><span class='ocrx_word' id='word_1_478' title='bbox 950 2414 1015 2448; x_wconf 84' lang='lat' dir='ltr'>der</span> <span class='ocrx_word' id='word_1_479' title='bbox 1039 2413 1218 2448; x_wconf 87' lang='lat' dir='ltr'>ebenfalls</span> <span class='ocrx_word' id='word_1_480' title='bbox 1237 2411 1389 2447; x_wconf 86' lang='lat' dir='ltr'>Publius</span> <span class='ocrx_word' id='word_1_481' title='bbox 1415 2411 1518 2446; x_wconf 84' lang='lat' dir='ltr'>hiess.</span> <span class='ocrx_word' id='word_1_482' title='bbox 1560 2410 1686 2445; x_wconf 83' lang='lat' dir='ltr'>Dutch</span> 
     </span>
     <span class='ocr_line' id='line_1_76' title="bbox 950 2456 1686 2505; baseline -0.004 -10"><span class='ocrx_word' id='word_1_483' title='bbox 950 2460 1197 2505; x_wconf 84' lang='lat' dir='ltr'>Schwelgerei</span> <span class='ocrx_word' id='word_1_484' title='bbox 1228 2461 1410 2494; x_wconf 76' lang='lat' dir='ltr'>verarmte</span> <span class='ocrx_word' id='word_1_485' title='bbox 1444 2469 1482 2493; x_wconf 87' lang='lat' dir='ltr'>er</span> <span class='ocrx_word' id='word_1_486' title='bbox 1514 2468 1570 2499; x_wconf 84' lang='lat' dir='ltr'>so,</span> <span class='ocrx_word' id='word_1_487' title='bbox 1606 2456 1686 2492; x_wconf 80' lang='lat' dir='ltr'>dass</span> 
     </span>
     <span class='ocr_line' id='line_1_77' title="bbox 950 2486 1686 2542; baseline -0.004 -1"><span class='ocrx_word' id='word_1_488' title='bbox 950 2508 1048 2542; x_wconf 88' lang='grc'><strong>881118</strong></span> <span class='ocrx_word' id='word_1_489' title='bbox 1064 2507 1179 2542; x_wconf 82' lang='lat' dir='ltr'>Giiter</span> <span class='ocrx_word' id='word_1_490' title='bbox 1192 2506 1364 2541; x_wconf 76' lang='lat' dir='ltr'>verkauft</span> <span class='ocrx_word' id='word_1_491' title='bbox 1377 2505 1536 2540; x_wconf 84' lang='lat' dir='ltr'>wurden.</span> <span class='ocrx_word' id='word_1_492' title='bbox 1563 2486 1686 2540; x_wconf 38' lang='lat' dir='ltr'>valer.</span> 
     </span>
     <span class='ocr_line' id='line_1_78' title="bbox 948 2552 1630 2598; baseline -0.006 -9"><span class='ocrx_word' id='word_1_493' title='bbox 948 2555 995 2589; x_wconf 90' lang='lat' dir='ltr'>M.</span> <span class='ocrx_word' id='word_1_494' title='bbox 1017 2554 1065 2588; x_wconf 92' lang='lat' dir='ltr'>VI</span> <span class='ocrx_word' id='word_1_495' title='bbox 1086 2558 1118 2598; x_wconf 88' lang='grc'><strong>9,</strong></span> <span class='ocrx_word' id='word_1_496' title='bbox 1142 2558 1195 2589; x_wconf 80' lang='lat'>12</span> <span class='ocrx_word' id='word_1_497' title='bbox 1233 2553 1327 2588; x_wconf 88' lang='lat' dir='ltr'>Plin.</span> <span class='ocrx_word' id='word_1_498' title='bbox 1347 2552 1501 2587; x_wconf 88' lang='lat' dir='ltr'>XXXIII</span> <span class='ocrx_word' id='word_1_499' title='bbox 1522 2555 1578 2595; x_wconf 82' lang='lat'>47,</span> <span class='ocrx_word' id='word_1_500' title='bbox 1599 2555 1630 2586; x_wconf 89' lang='lat'>9.</span> 
     </span>
    </p>

    <p class='ocr_par' dir='ltr' id='par_1_19' title="bbox 990 2599 1634 2646">
     <span class='ocr_line' id='line_1_79' title="bbox 990 2599 1634 2646; baseline -0.006 -10"><span class='ocrx_word' id='word_1_501' title='bbox 990 2603 1105 2646; x_wconf 76' lang='lat' dir='ltr'>pn&#39;mi</span> <span class='ocrx_word' id='word_1_502' title='bbox 1130 2602 1163 2635; x_wconf 90' lang='lat' dir='ltr'>d</span> <span class='ocrx_word' id='word_1_503' title='bbox 1190 2601 1213 2636; x_wconf 90' lang='lat' dir='ltr'>i.</span> <span class='ocrx_word' id='word_1_504' title='bbox 1235 2601 1421 2645; x_wconf 74' lang='lat' dir='ltr'>primarii,</span> <span class='ocrx_word' id='word_1_505' title='bbox 1443 2599 1634 2643; x_wconf 73' lang='lat' dir='ltr'>principis.</span> 
     </span>
    </p>

    <p class='ocr_par' dir='ltr' id='par_1_20' title="bbox 995 2645 1687 2738">
     <span class='ocr_line' id='line_1_80' title="bbox 995 2645 1687 2693; baseline -0.004 -10"><span class='ocrx_word' id='word_1_506' title='bbox 995 2649 1055 2683; x_wconf 82' lang='lat' dir='ltr'>sed</span> <span class='ocrx_word' id='word_1_507' title='bbox 1080 2649 1168 2693; x_wconf 73' lang='lat' dir='ltr'>quid</span> <span class='ocrx_word' id='word_1_508' title='bbox 1193 2649 1349 2692; x_wconf 72' lang='lat' dir='ltr'>aqimus:</span> <span class='ocrx_word' id='word_1_509' title='bbox 1376 2659 1402 2681; x_wconf 89' lang='lat' dir='ltr'>s.</span> <span class='ocrx_word' id='word_1_510' title='bbox 1425 2649 1444 2688; x_wconf 65' lang='grc' dir='ltr'>ξ</span> <span class='ocrx_word' id='word_1_511' title='bbox 1460 2650 1504 2680; x_wconf 88' lang='grc'>60</span> <span class='ocrx_word' id='word_1_512' title='bbox 1527 2645 1687 2691; x_wconf 75' lang='lat' dir='ltr'>Quorsus</span> 
     </span>
     <span class='ocr_line' id='line_1_81' title="bbox 951 2696 1297 2738; baseline -0.004 -8.746"><span class='ocrx_word' id='word_1_513' title='bbox 951 2696 1104 2730; x_wconf 77' lang='lat' dir='ltr'>—haec</span> <span class='ocrx_word' id='word_1_514' title='bbox 1128 2706 1179 2738; x_wconf 75' lang='lat' dir='ltr'>sp</span> <span class='ocrx_word' id='word_1_515' title='bbox 1207 2699 1297 2730; x_wconf 80' lang='lat' dir='ltr'>orat</span> 
     </span>
    </p>

    <p class='ocr_par' dir='ltr' id='par_1_21' title="bbox 949 2739 1685 2872">
     <span class='ocr_line' id='line_1_82' title="bbox 997 2739 1685 2787; baseline -0.006 -10"><span class='ocrx_word' id='word_1_516' title='bbox 997 2743 1051 2777; x_wconf 85' lang='lat' dir='ltr'>Ka</span> <span class='ocrx_word' id='word_1_517' title='bbox 1056 2755 1087 2787; x_wconf 85' lang='lat' dir='ltr'>p.</span> <span class='ocrx_word' id='word_1_518' title='bbox 1109 2742 1172 2777; x_wconf 77' lang='lat'>34.</span> <span class='ocrx_word' id='word_1_519' title='bbox 1200 2746 1254 2777; x_wconf 81' lang='lat'>82.</span> <span class='ocrx_word' id='word_1_520' title='bbox 1281 2742 1381 2776; x_wconf 74' lang='lat' dir='ltr'>vedeo</span> <span class='ocrx_word' id='word_1_521' title='bbox 1406 2750 1491 2783; x_wconf 72' lang='lat' dir='ltr'>uos‚·</span> <span class='ocrx_word' id='word_1_522' title='bbox 1517 2739 1580 2774; x_wconf 81' lang='lat' dir='ltr'>dei·</span> <span class='ocrx_word' id='word_1_523' title='bbox 1601 2739 1685 2774; x_wconf 71' lang='lat' dir='ltr'>Sabz</span> 
     </span>
     <span class='ocr_line' id='line_1_83' title="bbox 949 2787 1685 2833; baseline -0.004 -9"><span class='ocrx_word' id='word_1_524' title='bbox 949 2790 1056 2825; x_wconf 76' lang='lat' dir='ltr'>sollte</span> <span class='ocrx_word' id='word_1_525' title='bbox 1100 2791 1183 2824; x_wconf 89' lang='lat' dir='ltr'>dem</span> <span class='ocrx_word' id='word_1_526' title='bbox 1234 2788 1429 2833; x_wconf 81' lang='lat' dir='ltr'>folgenden</span> <span class='ocrx_word' id='word_1_527' title='bbox 1476 2787 1563 2822; x_wconf 74' lang='lat' dir='ltr'>mali</span> <span class='ocrx_word' id='word_1_528' title='bbox 1604 2796 1685 2821; x_wconf 82' lang='lat' dir='ltr'>vero</span> 
     </span>
     <span class='ocr_line' id='line_1_84' title="bbox 949 2836 1310 2872; baseline -0.008 0"><span class='ocrx_word' id='word_1_529' title='bbox 949 2836 1196 2872; x_wconf 74' lang='lat' dir='ltr'>suborcliniert</span> <span class='ocrx_word' id='word_1_530' title='bbox 1223 2837 1310 2871; x_wconf 87' lang='lat' dir='ltr'>sein.</span> 
     </span>
    </p>
   </div>
  </div>
 </body>
</html>
