1849 3103
376 60 770 97 TUSCULANARUM
795 59 1196 96 DISPUTATIONUM
1222 61 1264 96 V.
1293 65 1440 97 73—77.
1599 61 1681 103 135

132 172 262 224 video,
295 184 372 223 quo
403 171 517 211 modo
551 172 686 211 sedare
719 172 870 223 possint
901 171 997 208 mala
1030 173 1248 221 praesentia
1281 174 1514 223 praeteritae
1548 171 1680 223 volup-

132 236 244 270 tates.
307 231 383 270 Sed
421 243 510 270 cum
547 232 580 269 is
613 230 714 269 dicat
752 241 906 279 semper
945 229 1100 268 beatum
1140 242 1225 268 esse
1259 233 1492 282 sapientem,
1530 233 1593 270 cui
1625 231 1739 270 di-75

130 301 223 328 cere
254 289 345 342 hoc,
384 291 417 328 si
448 289 522 328 sibi
554 296 732 328 constare
768 287 896 339 vellet,
935 299 1011 326 non
1045 287 1200 340 liceret,
1242 289 1426 339 quidnam
1459 289 1679 329 faelendum

134 354 194 387 est
224 349 289 401 iis,
322 350 389 400 qui
421 347 515 387 nihil
547 347 826 399 expetendum,
859 345 954 384 nihil
985 347 1024 384 in
1057 345 1169 384 bonis
1202 346 1443 399 ducendum,
1477 349 1579 399 quod
1613 348 1679 386 ho-

133 412 282 446 nestate
316 413 455 458 careat,
489 403 752 445 existumant?
802 404 861 443 Me
896 404 1053 455 quidem
1085 411 1244 443 auctore
1278 407 1395 444 etiam
1427 406 1680 457 Peripatetici

133 471 362 516 veteresque
406 465 625 503 AcademIci
674 463 866 502 balbutire
912 462 1118 513 aliquando
1161 463 1340 502 desinant
1384 471 1598 515 aperteque
1644 472 1681 504 et

133 523 235 562 clara
268 536 360 562 voce
392 523 559 562 audeant
590 522 721 561 dicere
754 521 906 560 beatam
939 523 1055 560 vitam
1095 523 1133 560 in
1167 521 1382 561 Phalaridis
1422 529 1578 561 taurum
1617 523 1681 562 de-

132 594 369 622 scensuram.
1698 600 1751 642 27

251 641 338 680 Sint
368 641 471 679 enim
503 642 577 679 tria
609 651 752 690 genera
783 638 908 677 bonoi
914 651 996 689 um
1030 646 1072 678 ut
1104 641 1179 677 iam
1211 652 1231 678 a
1263 640 1412 691 laqueis
1446 640 1680 690 Stoicorum,
1697 653 1738 684 76

132 699 275 751 quibus
313 711 427 738 usum
464 711 525 737 me
563 697 741 750 plurIbus
781 710 895 748 quam
934 697 1039 736 soleo
1073 698 1271 750 intellego,
1313 699 1562 750 r‚ecedamus
1604 700 1682 737 sint

130 770 223 798 sane
255 758 319 796 illa
350 769 492 809 genera
523 757 735 807 bonorum,
773 756 866 795 dum
904 758 1081 808 corporis
1121 763 1158 796 et
1200 763 1360 797 externa
1392 760 1541 796 iaceant
1574 757 1683 796 humi

126 823 171 856 et
201 822 350 856 tantum
382 816 509 868 modo,
541 817 631 867 quia
662 815 849 854 sumenda
883 817 981 867 sint,
1014 815 1260 867 appellentur
1292 816 1409 868 bona,
1448 817 1520 855 alia
1552 823 1682 855 autem

130 875 193 914 illa
230 874 358 914 divina
395 874 508 926 longe
547 875 701 925 lateque
739 886 780 912 se
819 873 990 925 pandant
1036 874 1265 926 caelumque
1310 877 1554 926 contingant:
1600 874 1680 924 [ut]

126 945 174 972 ea
211 935 279 985 qui
316 933 478 984 adeptus
517 935 584 985 sit,
630 945 700 972 cur
738 945 827 972 eum
865 932 1022 972 beatum
1060 933 1174 972 modo
1218 940 1256 973 et
1294 947 1372 973 non
1411 933 1682 973 beatissimum

128 993 246 1032 etiam
282 990 474 1031 dixerim?
530 992 711 1031 Dolorem
743 1004 835 1030 vero
874 993 1029 1043 sapiens
1069 991 1326 1032 extimescet?
1382 992 1418 1031 Is
1451 994 1554 1032 enim
1586 993 1677 1032 huic

129 1052 293 1090 maxime
333 1053 548 1090 sententiae
587 1057 798 1102 repugnat3
842 1062 930 1089 nam
970 1057 1104 1090 contra
1144 1058 1310 1090 mortem
1348 1058 1522 1091 nostram
1564 1058 1680 1103 atque

130 1115 356 1149 nostrorum
394 1116 607 1161 contraque
647 1109 932 1160 aegritudinem
974 1115 1013 1148 et
1051 1110 1220 1161 reliquas
1263 1112 1382 1149 animi
1420 1110 1681 1162 perturbatio-

129 1180 200 1207 nes
232 1170 325 1208 satis
363 1180 448 1208 esse
481 1169 658 1207 videmur
696 1169 944 1219 superiorum
982 1168 1136 1207 dierum
1174 1169 1504 1221 disputationibus
1544 1171 1681 1208 armati

129 1233 169 1266 et
206 1229 348 1279 parati:
393 1227 503 1266 dolor
547 1240 633 1266 esse
677 1226 832 1266 videtur
875 1239 1103 1266 acerrumus
1147 1229 1303 1267 vlrtutis
1347 1228 1611 1280 adversarius,
1649 1229 1680 1266 is

129 1286 311 1325 ardentes
349 1286 453 1325 faces
490 1288 675 1338 intentat,
713 1287 746 1324 is
779 1286 1066 1337 fortitudinem,
1104 1287 1412 1338 magnitudinem
1444 1289 1578 1339 animi,
1616 1299 1680 1338 pa-

128 1346 302 1384 tientiam
341 1357 382 1383 se
421 1344 714 1384 debilitaturum
753 1346 934 1384 minatur.
997 1344 1096 1384 Huic
1128 1347 1248 1396 igitur
1281 1345 1511 1385 succumbet
1544 1347 1678 1397 virtus,
1696 1355 1737 1387 77

176 1461 230 1494 75.
269 1459 463 1501 balbutire,
506 1457 588 1492 hier
628 1457 667 1492 in
703 1458 866 1493 111101113-
939 1458 1044 1493 rekte
1081 1459 1199 1504 Frage
1241 1457 1356 1494 durch
1396 1462 1437 1494 ut
1475 1459 1563 1494 oder
1601 1459 1680 1494 eine

940 1505 1112 1541 {ihnliche
1127 1505 1294 1541 Partikel
1313 1506 1382 1541 mit
1402 1507 1522 1541 einem
1542 1506 1681 1541 andern

128 1515 260 1550 genem
285 1505 395 1540 Sinne
429 1505 541 1540 ‘seine
568 1504 770 1540 Gedanken
803 1517 867 1539 un·

127 1551 295 1587 deutlich
303 1552 630 1597 aussprechemmit
639 1553 867 1596 derSprache

127 1598 233 1634 nicht
250 1598 320 1634 frei
337 1599 620 1644 herausgehen’.
671 1600 776 1634 Auch
797 1599 868 1634 den

125 1645 219 1681 Sinn
251 1647 398 1681 ‘unklar
417 1647 616 1692 gedachtes
639 1646 864 1682 schwatzen’

127 1693 195 1728 hat
231 1693 296 1728 das
332 1694 455 1737 Wort,
505 1694 550 1728 de
588 1692 700 1728 divin.
728 1694 743 1728 Ι
775 1697 815 1737 3,
847 1698 867 1728 5

126 1739 333 1784 Epicurum
369 1741 621 1776 balbutientem.
655 1742 697 1776 de
730 1744 868 1776 natura

127 1788 284 1823 deorum.

175 1835 216 1869 in
261 1835 474 1870 Phalaridis
522 1838 669 1870 taurum
713 1836 863 1870 desceus.

132 1880 214 1926 Vgl.
235 1884 270 1923 5,
293 1885 334 1916 13
360 1883 402 1916 iu
427 1883 583 1917 eculeum
609 1883 707 1918 coici.
745 1883 867 1917 Wenn

116 1928 206 1963 'also
245 1929 309 1964 der
346 1929 469 1964 Weise
513 1929 608 1964 auch
651 1931 759 1964 unter
796 1929 867 1964 den

127 1974 292 2020 grassten
340 1976 504 2011 Martem
553 1976 742 2022 gliicklich
789 1977 867 2012 sein

129 2021 240 2067 kann,
266 2024 412 2068 geniigt'
431 2023 491 2058 die
512 2023 666 2068 Tugend
693 2036 755 2058 zur
776 2023 868 2058 voll-

127 2069 321 2115 standigen
347 2069 655 2116 Glfickseligkeit.

174 2116 267 2161 Kap.
294 2117 358 2152 27.
410 2122 463 2152 76.
501 2119 575 2152 tria
612 2128 759 2163 ymera,
792 2118 867 2164 vgl.

128 2175 159 2197 z.
186 2166 219 2207 8,
244 2167 289 2199 23
315 2165 390 2199 tria
414 2175 544 2210 ρεπεν-ιι
568 2166 754 2200 malorum.

178 2210 314 2255 laqueis
351 2212 572 2247 Stoicorum:
610 2212 655 2246 de
688 2223 738 2247 or.
764 2213 780 2247 Ι
813 2216 867 2256 10,

130 2260 175 2291 43
203 2256 316 2293 Stoici
339 2260 456 2294 nostri
475 2260 765 2304 disputationum
783 2270 867 2294 sua-

127 2314 212 2339 rum
242 2308 347 2349 atque
377 2307 700 2351 iuterroyationum
731 2307 867 2351 laqueis

128 2354 161 2386 te
185 2352 366 2387 irretitum
390 2358 555 2389 tenerent.
594 2353 679 2398 Vgl.
695 2353 800 2389 Tuse.
816 2353 867 2388 IV

131 2401 186 2441 14,
213 2401 256 2433 33
288 2410 331 2434 ex
361 2402 582 2445 scrupulosis
612 2402 751 2436 cotibus
782 2412 865 2436 eua-

127 2446 265 2490 viyavit
288 2448 415 2482 oratio.

174 2493 364 2536 sumenda,
398 2484 662 2551 Ubersetzung
684 2495 747 2529 des
780 2495 867 2530 stoi-

128 2539 242 2574 schen
285 2537 453 2585 αιρετέα,
497 2540 731 2586 προηγμένα,
775 2554 800 2577 s.
837 2555 865 2577 Ζ.

176 2636 218 2667 ut
242 2644 283 2668 ea
308 2634 371 2678 qui
396 2634 547 2679 adeptus
571 2636 618 2670 sit
643 2637 711 2670 cet.
740 2635 868 2671 Gram-

128 2679 289 2715 matisch
313 2680 402 2716 lassi:
427 2682 506 2716 sich
531 2681 631 2717 diese
651 2682 780 2717 Lesart
805 2683 869 2718 der

129 2726 237 2761 Hdss.
264 2728 349 2762 sehr
373 2728 474 2763 wohl
498 2728 714 2773 rechtfert-ig
716 2740 771 2764 en.
815 2729 869 2764 Im

128 2772 388 2810 Lateinischen
418 2775 534 2818 kann,
569 2787 643 2810 was
674 2775 724 2810 im
756 2775 869 2811 Deut—

129 2820 243 2856 schen
273 2821 377 2857 nicht
407 2823 570 2868 moglieh
602 2823 668 2868 ist,
701 2822 783 2858 eine
815 2823 867 2858 di-

941 1552 1047 1587 Satze
1072 1553 1285 1588 verbunden
1310 1553 1468 1588 werden.
1516 1553 1594 1589 Liv.
1622 1557 1678 1597 44,

941 1603 984 1634 39
1010 1601 1087 1634 siue
1106 1601 1183 1635 ulla
1202 1601 1280 1635 sede
1299 1602 1384 1646 vayi
1402 1601 1681 1642 dimicassemus,

939 1650 981 1681 ut
1016 1658 1084 1692 quo
1127 1648 1276 1683 victores
1318 1659 1383 1683 uos
1420 1647 1679 1692 reciperemus?

939 1694 1039 1729 Aber
1075 1694 1219 1739 logisch
1257 1695 1307 1730 ist
1346 1695 1403 1730 dje
1439 1694 1680 1740 Verbindung

939 1741 1020 1775 hier
1050 1741 1275 1786 unmoglich.
1327 1742 1400 1777 Cic.
1434 1742 1510 1777 will
1542 1743 1680 1787 zeigen,

939 1800 1079 1823 warum
1111 1788 1169 1823 die
1195 1788 1466 1835 Peripatetiker
1497 1789 1594 1824 offen
1626 1800 1680 1824 er-

939 1834 1068 1870 klaren
1113 1835 1265 1881 sollten,
1309 1835 1388 1871 dass
1429 1836 1488 1871 die
1526 1836 1681 1881 Tugend

939 1882 1054 1917 allein
1087 1883 1145 1918 die
1178 1883 1377 1919 Menschen
1403 1884 1518 1928 vollig
1548 1883 1676 1928 gh‘iek-

938 1929 1015 1964 lich
1039 1930 1196 1965 macheu
1220 1930 1353 1966 konne.
1397 1929 1559 1965 Deshalb
1584 1930 1680 1965 muss

939 1987 1152 2059 {ajssgffssf
1170 1977 1291 2060 ωὲἑὲῗ
1315 1978 1558 2068 λῗέἒωέἒέῗ
1575 1977 1682 2060 witi}

940 2082 1027 2105 man
1051 2072 1217 2116 nurnden
1241 2072 1427 2117 geistigen
1453 2072 1593 2107 Giitern
1622 2073 1682 2106 ein

940 2118 1084 2153 solches
1110 2117 1371 2164 Ubergewicht
1396 2119 1606 2164 zugesteht,
1640 2129 1680 2154 so

939 2164 989 2200 ist
1013 2165 1118 2200 nicht
1143 2165 1361 2210 abzusehen‚
1391 2166 1552 2201 weshalb
1577 2166 1681 2200 nicht

941 2213 993 2247 sie
1043 2212 1157 2247 allein
1205 2213 1277 2248 den
1319 2213 1518 2248 Menschen
1563 2213 1682 2258 vonjg

940 2259 1132 2304 gliicklich
1151 2261 1306 2295 macheu
1326 2261 1470 2296 sollten.
1515 2260 1589 2295 Der
1609 2259 1680 2295 Ge-

940 2306 1400 2353 dankenzusammenhang
1424 2306 1566 2343 fordert
1591 2307 1679 2351 also,

940 2353 1021 2388 dass
1055 2366 1095 2389 ea
1130 2356 1193 2399 qui
1226 2356 1378 2399 adeptus
1408 2356 1474 2398 sit,
1513 2365 1578 2390 cur
1610 2356 1679 2389 cet.

940 2401 1010 2435 den
1043 2401 1230 2437 Nachsatz
1268 2402 1366 2438 hilde
1400 2414 1442 2437 zu
1475 2401 1557 2436 dem
1589 2401 1679 2437 kon-

940 2448 1107 2483 cessiven
1130 2450 1214 2484 siut.

985 2506 1072 2530 uam
1108 2500 1235 2531 contra
1270 2499 1425 2531 mortem.
1488 2496 1561 2531 Cic.
1599 2507 1680 2530 ver-

939 2542 1185 2588 nachlassigt‚
1217 2543 1298 2579 dass
1331 2555 1369 2578 er
1395 2544 1438 2588 ja
1469 2544 1563 2578 auch
1590 2543 1681 2578 fiber

941 2589 1012 2623 den
1033 2590 1203 2625 Schmerz
1229 2591 1343 2626 sehon
1362 2590 1592 2635 gesprochen
1614 2591 1680 2624 hat

940 2636 992 2670 1111
1017 2637 1171 2672 zweiten
1197 2638 1338 2680 Buche,
1370 2648 1426 2672 wo
1454 2648 1492 2671 er
1517 2648 1546 2672 e.
1574 2640 1618 2671 20
1644 2649 1677 2671 u.

941 2686 984 2717 22
1024 2695 1105 2718 zum
1144 2684 1225 2719 Teil
1269 2683 1457 2719 djeselben
1496 2683 1678 2728 Beispiele

941 2729 1102 2764 anftihrt.

989 2777 1153 2811 ardentes
1189 2778 1285 2819 faces
1322 2778 1496 2818 intentat;
1541 2789 1567 2811 s.
1601 2789 1630 2811 z.
1663 2777 1678 2811 l

944 2827 997 2864 19,
1024 2827 1069 2858 44
1095 2825 1254 2868 eor-poris
1278 2824 1430 2866 facibus.
