1790 3103
279 90 674 127 TUSCULANARUM
700 90 1099 126 DISPUTATIONUM
1127 91 1185 127 IV.
1213 95 1363 128 26-29.
1541 92 1598 133 65

41 213 108 244 res
139 213 217 240 non
248 201 376 239 babet.
438 199 541 251 Ergo
573 206 612 239 et
645 199 763 238 invidi
795 205 834 237 et
873 199 1048 237 malevoli
1084 199 1141 248 [et
1173 200 1296 250 lividi]
1331 208 1365 239 et
1404 201 1526 240 timidi
1560 208 1598 241 et

42 259 338 311 misericordes,
371 260 460 309 quia
493 258 664 309 proclive
698 258 743 296 ad
777 269 841 296 eas
880 256 1214 309 perturbationes,
1256 271 1331 297 non
1372 262 1460 310 quia
1499 273 1598 299 sem·

42 330 115 373 per
147 318 340 357 feruntur.
403 316 507 355 Haec
540 319 660 368 igitur
691 315 915 368 proclivitas
954 314 999 353 ad
1040 327 1154 353 suum
1194 316 1377 367 quodque
1417 332 1539 368 genus
1578 331 1598 357 a

44 376 298 416 similitudine
344 377 522 426 corporis
567 376 779 425 aegrotatio
825 374 994 425 dicatur,
1040 373 1131 411 dum
1175 385 1218 412 ea
1261 375 1509 425 intellegatur
1551 377 1597 415 ad

44 433 325 486 aegrotandum
358 433 592 484 proclivitas.
656 432 731 471 Sed
771 432 865 470 haec
904 433 943 470 in
982 430 1094 470 bonis
1133 431 1270 483 rebuS,
1309 433 1411 482 quod
1451 434 1514 472 alii
1552 435 1598 472 ad

44 492 116 532 alia
148 492 248 531 bona
281 498 373 530 sunt
415 494 632 543 aptiores,
644 490 807 529 facilitas
848 491 1090 541 nominetur,
1133 492 1171 528 in
1212 490 1322 528 malis
1365 491 1599 543 proclivitas

43 556 88 591 ut
120 551 313 602 significet
345 550 577 601 lapsionem,
609 551 648 587 in
681 549 832 587 neutris
865 547 1004 587 habeat
1036 550 1219 599 superius
1253 558 1453 602 nomen—f
1618 584 1671 623 13

163 609 248 654 Quo
282 608 396 647 modo
429 614 559 646 autem
598 609 636 646 in
670 619 835 658 corpore
869 613 928 646 est
960 606 1140 658 morbus,
1178 614 1238 646 est
1270 609 1501 659 aegrotatio,
1540 614 1600 647 est
1615 634 1658 665 29

45 668 204 718 vitium,
237 669 293 706 sic
325 669 363 705 in
397 668 535 706 animo.
598 665 777 704 Morbum
810 664 1004 716 appellant
1030 667 1149 704 totius
1176 667 1353 717 corporis
1381 668 1600 718 corruptio-

47 737 156 777 nem,
189 726 493 776 aegrotationem
527 724 705 762 morbum
740 736 828 762 cum
861 723 1132 775 inbecillitate,
1163 725 1316 775 vitium,
1349 737 1437 763 cum
1469 731 1602 776 partes

48 785 227 835 corporis
259 785 362 822 inter
395 794 435 821 se
469 782 676 833 dissident,
709 794 755 820 ex
789 794 865 832 quo
898 783 1065 833 pravitas
1092 782 1377 834 membrorum,
1409 783 1603 836 distortio,

49 841 289 881 deformitas.
351 841 485 891 Itaque
518 841 581 880 illa
613 841 708 893 duo,
743 840 901 879 morbus
935 846 972 878 et
1005 843 1236 892 aegrotatio,
1271 853 1316 879 ex
1350 843 1470 880 totius
1503 843 1600 881 vale-

50 900 200 940 tudinis
232 901 408 951 corporis
445 901 770 950 conquassatione
803 905 842 938 et
873 898 1168 950 perturbatione
1201 901 1433 951 gignuntur,
1466 902 1602 939 vitium

51 964 182 998 autem
227 960 378 1009 integra
411 958 631 997 valetudine
675 960 803 1009 ipsum
849 970 894 996 ex
940 970 980 996 se
1027 960 1212 996 cernitur.
1277 958 1351 996 Sed
1393 961 1432 997 in
1474 961 1602 997 animo

46 1023 198 1056 tantum
232 1017 345 1055 modo
379 1018 612 1067 cogitatione
646 1028 855 1067 possumus
882 1016 1061 1054 morbum
1095 1016 1141 1055 ab
1175 1018 1438 1067 aegrotatione
1471 1020 1602 1056 seiun-

49 1087 155 1127 gere.
207 1075 406 1114 vitiositas
439 1081 567 1114 autem
602 1081 661 1114 est
692 1074 848 1114 habitus
880 1081 945 1113 aut
978 1074 1144 1113 adfectio
1178 1077 1215 1113 in
1251 1081 1327 1114 tota
1362 1077 1436 1115 vita
1469 1078 1601 1115 incon-

95 1203 129 1234 et
165 1199 272 1233 liz-idi
309 1199 359 1233 ist
397 1199 594 1234 sicherlich
620 1199 679 1233 ein
705 1202 788 1243 spii-

43 1246 146 1280 terer
172 1245 322 1289 Zusatz,
349 1245 446 1280 denn
473 1247 608 1280 lividus
627 1245 676 1280 ist
695 1246 789 1280 doeh

42 1303 115 1326 nur
152 1292 211 1327 ein
251 1292 462 1337 poetischer
499 1292 693 1327 Ausdruek
733 1293 791 1326 fiir

43 1339 206 1381 invidus,
225 1340 305 1374 also
327 1339 417 1381 hier,
431 1350 488 1374 wo
508 1340 657 1374 invidus
677 1339 790 1374 sehon

44 1386 214 1421 erwiihnt
232 1385 298 1428 ist,
319 1386 369 1421 ist
389 1396 427 1420 es
446 1386 677 1431 iiberflt'issig,
703 1386 792 1420 oder

45 1431 182 1468 mfisste
219 1434 445 1477 wenigstens
485 1434 604 1468 neben
642 1434 792 1468 invidus

43 1478 196 1525 gestellt
219 1480 385 1523 werden,
422 1479 569 1514 endlieh
594 1480 718 1514 wurde
745 1481 785 1514 li-

43 1527 152 1562 vidus
170 1526 244 1560 und
265 1527 357 1561 livor
376 1538 420 1561 zu
435 1526 579 1561 Ciceros
593 1527 672 1562 Zeit
690 1527 786 1561 noch

42 1584 113 1618 gar
123 1573 227 1608 nicht
239 1573 278 1606 in
294 1573 432 1608 diesem
443 1573 553 1608 Sinne
568 1574 784 1618 gebraucht.

88 1621 267 1664 proclive:
307 1621 471 1655 n'aimlieh
501 1621 686 1663 ferantur,
718 1621 787 1655 wie

48 1669 110 1710 18,
149 1670 193 1701 42
232 1668 456 1712 incitataque
497 1668 599 1702 semel
630 1667 788 1711 proclivi

46 1713 233 1748 labuntur.
261 1734 304 1738 —
325 1714 483 1759 proclivi
516 1714 564 1748 ist
601 1726 669 1749 nur
707 1715 788 1748 eine

47 1759 182 1795 andere
202 1761 311 1795 Form
337 1762 396 1795 fiir
415 1761 593 1805 proclive,
618 1761 687 1796 wie
712 1762 789 1796 heri

42 1806 102 1842 ffir
127 1808 215 1842 here.

94 1854 143 1888 ad
179 1864 285 1889 suum
321 1855 485 1899 quodque
520 1865 650 1899 ¹aeuus,
693 1855 726 1889 d.
765 1854 785 1889 i.

41 1901 259 1946 proclivitas
302 1902 351 1936 ad
392 1912 497 1936 suum
542 1903 714 1945 cuiusque
755 1913 786 1946 9.

47 1947 170 1982 Wenn
203 1948 421 1993 angegeben
451 1948 560 1991 wird,
596 1948 675 1982 dass
707 1960 788 1983 ver-

46 1993 242 2029 schiedene
262 1995 423 2030 einzelne
439 1995 617 2039 Subjekte
633 1995 698 2029 auf
708 2006 788 2030 ver-

48 2041 245 2076 schiedene
283 2041 447 2076 einzelne
484 2042 604 2087 Dinge
642 2054 685 2076 zu
723 2043 786 2077 be-

49 2087 179 2123 ziehen
203 2088 301 2132 sind,
327 2089 420 2123 wird
439 2090 586 2133 quisque
605 2088 660 2123 oft
683 2088 789 2123 nicht

48 2146 130 2169 zum
150 2134 308 2180 Subjekt
332 2147 511 2180 gezogen,
539 2136 696 2171 sondern
719 2135 790 2170 mit

48 2191 138 2216 suus
179 2181 217 2216 in
260 2182 444 2227 gleichem
479 2183 592 2217 Casus
636 2184 787 2227 gesetzt.

50 2227 132 2263 cas.
159 2228 193 2263 b.
221 2228 289 2263 civ.
319 2229 334 2263 Ι
362 2233 418 2271 83,
438 2233 458 2262 2
486 2233 517 2263 et
542 2239 671 2264 rursus
696 2230 791 2264 aliae

47 2275 195 2310 totidem
219 2275 407 2318 (cohortes)
429 2286 516 2310 suae
541 2277 712 2320 maiusque
746 2277 790 2310 Ie-

49 2322 171 2366 giom‘s
194 2322 508 2366 subsequebantur.
559 2322 632 2358 Cic.
660 2323 704 2357 de
728 2322 787 2357 off.

50 2367 85 2402 H
110 2372 172 2412 22,
195 2372 238 2403 ’78
264 2373 305 2403 ut
328 2370 376 2404 sit
401 2369 514 2404 libera
539 2373 570 2404 et
595 2380 668 2404 'non
693 2370 789 2405 solli-

47 2415 126 2450 cita
150 2426 236 2450 suae
262 2417 315 2450 rei
333 2417 505 2461 cuiusque
523 2417 699 2451 mestodia.
745 2416 789 2451 de

52 2471 104 2497 or.
135 2462 188 2496 III
220 2466 282 2505 57,
317 2467 384 2498 216
421 2467 522 2508 (vom)
559 2464 631 2498 cita
668 2464 789 2506 tarda,

52 2519 187 2554 mayna
221 2521 359 2553 parva,
401 2521 492 2555 quas
534 2514 649 2545 tamen
695 2511 791 2546 inter

52 2565 172 2591 omnes
197 2560 247 2591 est
270 2567 335 2592 suo
359 2568 495 2601 quoque
520 2558 560 2592 in
577 2568 701 2602 ,qe-uere
720 2569 789 2592 vme-

47 2602 194 2638 diocris.

101 2651 308 2694 aeyrotatio.
354 2649 482 2685 Damit
499 2651 592 2686 wird
611 2650 690 2686 also
711 2651 788 2686 der-

49 2695 154 2731 selbe
185 2696 382 2732 Ausdruck
412 2709 494 2732 zum
526 2697 664 2732 dritten
692 2697 790 2733 Male

50 2741 92 2777 in
116 2743 290 2778 auderem
316 2743 427 2779 Sinne
452 2744 668 2789 gebraucht.

100 2789 314 2834 lapsionem,
344 2791 518 2836 Neigung
543 2803 623 2825 zum
649 2791 788 2827 Fallen.

99 2836 139 2870 in
164 2838 322 2879 neutris,
352 2838 423 2872 den
449 2849 525 2883 sog.
539 2835 790 2883 αδιαφόροις,

122 2900 246 2934 erxn,
266 2901 325 2928 Cic.
340 2903 399 2928 Tus
403 2903 460 2928 eu.l
498 2904 523 2929 2.
543 2904 625 2930 Heft.

864 1199 960 1234 denn
987 1199 1045 1234 die
1073 1199 1220 1234 Stoikei
1251 1200 1365 1234 teilen
1397 1200 1454 1234 die
1481 1199 1603 1246 Dinge

861 1246 899 1280 in
944 1248 1050 1290 gute,
1094 1246 1182 1280 bose
1219 1246 1293 1280 und
1332 1247 1602 1293 gleiebgiiltige

863 1293 939 1335 ein3
967 1292 1047 1327 hier
1072 1292 1121 1326 ist
1147 1292 1206 1327 bei
1232 1295 1371 1328 neutrzs
1394 1305 1438 1328 an
1461 1294 1602 1329 Kiinste

862 1320 939 1373 und,
963 1339 1216 1384 Fertigkeiten
1242 1340 1410 1384 gedacht.

910 1386 1003 1430 Kap.
1044 1387 1106 1421 13.
1158 1390 1213 1422 29.
1258 1388 1387 1422 vitium
1430 1387 1479 1421 ist
1523 1388 1602 1422 also

862 1433 1114 1477 kerperliches
1130 1432 1362 1477 Gebrechen,
1382 1434 1452 1469 wie
1467 1435 1601 1469 Lahm-

857 1480 945 1514 heit.

906 1528 1016 1561 totius
1040 1527 1146 1561 valet.
1168 1537 1263 1571 corp.
1285 1538 1405 1572 conq.;
1430 1528 1522 1563 iiber
1542 1529 1602 1563 die

861 1573 1031 1619 Stellung
1066 1573 1131 1607 der
1167 1574 1345 1609 Genetive
1380 1575 1455 1620 vgl.
1491 1587 1534 1609 zu
1569 1576 1601 1609 ΙΙ

862 1624 915 1663 15,
943 1624 998 1654 35.

907 1668 1047 1711 inteyra
1082 1668 1183 1702 valet.
1218 1689 1260 1692 —
1294 1669 1471 1710 cernitur,
1503 1669 1603 1704 kann

860 1714 918 1748 fiir
953 1714 1031 1748 sich
1068 1715 1261 1755 bestehen‚
1298 1716 1392 1750 ohne
1427 1715 1507 1750 dass
1542 1716 1602 1750 die

862 1761 1092 1796 Gesundheit
1135 1762 1198 1796 des
1242 1762 1398 1807 iibrigen
1441 1762 1601 1807 Kbrpers

861 1809 1035 1842 darunter
1060 1807 1184 1843 leide‘c.

916 1855 1113 1891 Vitiositas.
1165 1855 1232 1889 Die
1248 1855 1396 1890 Stoiker
1414 1856 1603 1891 brauchen

862 1902 927 1936 das
941 1902 1049 1937 Wort
1063 1903 1177 1937 κακία
1191 1903 1230 1936 in
1243 1903 1458 1947 doppeltem
1473 1903 1601 1938 Sinne:

864 1951 896 1992 1)
923 1949 980 1981 btv
1028 1949 1138 1984 chnet
1164 1960 1202 1984 es
1224 1948 1423 1994 allgemein
1443 1949 1514 1984 den
1536 1950 1602 1984 Zu-

924 2010 971 2029 ιιι
998 1996 1062 2030 der
1081 1995 1203 2039 Seele,
1231 1997 1391 2031 welcher
1415 1997 1479 2031 der
1503 1999 1603 2032 sam'-

860 2046 916 2077 tas
936 2044 1241 2088 entgegensteht3
1263 2045 1297 2086 2)
1311 2043 1453 2078 heissen
1472 2046 1603 2078 κακίαι

861 2089 920 2123 die
959 2090 1028 2124 den
1061 2090 1252 2124 einzelnen
1284 2090 1487 2134 Tugenden
1523 2095 1603 2126 ent-

860 2137 1200 2218 {egpnsttssiende}
1204 2137 1522 2218 IIIiiginschaften
1539 2138 1604 2219 dgr

890 2193 930 2217 ee
949 2194 966 2217 e
1062 2194 1098 2218 10
1349 2197 1522 2224 ωςαυτως
1585 2198 1600 2219 ε

864 2229 926 2263 καὶ
952 2230 1025 2263 ttfiv
1051 2183 1200 2264 Ἇαῗίῶν
1214 2243 1254 2264 ἳθ
1277 2243 1345 2275 μεν
1368 2243 1464 2265 εἰναι
1486 2228 1601 2275 ἀφθο-

865 2275 997 2320 σύνην,
1043 2278 1202 2319 δειλίαν,
1251 2265 1406 2312 ἀδικίαν
1449 2278 1513 2312 καὶ
1557 2277 1601 2313 τὰ

861 2321 1110 2367 παραπλήσια
1163 2326 1203 2358 In
1241 2325 1306 2359 der
1343 2325 1498 2359 zweiten
1535 2326 1602 2360 Be·

861 2370 1026 2415 deutung
1051 2371 1156 2405 hatte
1184 2370 1256 2406 Cie.
1284 2370 1344 2406 die
1369 2372 1462 2406 vitta
1487 2374 1604 2407 ammi

862 2417 933 2451 den
971 2418 1186 2453 Gebrechen
1223 2418 1287 2453 des
1324 2419 1485 2464 K6rpers
1524 2421 1602 2454 ent-

862 2466 1105 2509 gegensetzen
1131 2465 1263 2502 sollen:
1303 2476 1341 2500 er
1371 2467 1505 2500 nimmt
1536 2466 1602 2500 das

862 2511 970 2545 Wort
995 2511 1084 2546 aber
1108 2511 1189 2546 hier
1216 2512 1255 2546 in
1287 2513 1351 2547 der
1383 2514 1503 2547 ersten
1535 2513 1602 2547 Be-

862 2558 1037 2602 deutung,
1064 2559 1139 2593 und
1163 2559 1438 2604 infolgedessen
1464 2559 1605 2594 erklart

863 2616 900 2639 er
926 2606 1069 2640 morbus
1093 2606 1169 2640 und
1194 2608 1393 2651 aeyrotatio
1417 2607 1475 2640 fiir
1500 2607 1603 2641 Teile

863 2651 927 2687 der
963 2653 1160 2695 vitiositas,
1205 2653 1380 2688 wahrend
1424 2663 1463 2687 er
1507 2654 1603 2688 oben

862 2699 1023 2742 morbus,
1056 2700 1254 2743 aeqrotatio
1279 2700 1355 2733 und
1387 2700 1513 2733 vitium
1547 2699 1602 2733 als

863 2745 942 2779 drei
973 2746 1037 2780 bes
1042 2746 1176 2780 ondere
1202 2746 1337 2791 Eigens
1323 2746 1490 2780 schaften
1521 2745 1602 2780 auf-

864 2792 1013 2836 gezahlt
1036 2793 1112 2827 hat.
1162 2793 1413 2837 Vg1.37,81.

910 2839 1056 2873 habitus
1080 2842 1144 2873 aut
1170 2839 1341 2881 adfectio.
1367 2838 1400 2874 d.
1428 2838 1449 2872 i
1478 2837 1553 2881 ἕξις
1580 2835 1600 2883 ἧ
