<?xml version="1.0" encoding="UTF-8"?>
<!DOCTYPE html PUBLIC "-//W3C//DTD XHTML 1.0 Transitional//EN"
    "http://www.w3.org/TR/xhtml1/DTD/xhtml1-transitional.dtd">
<html xmlns="http://www.w3.org/1999/xhtml" xml:lang="en" lang="en">
 <head>
  <title>
</title>
<meta http-equiv="Content-Type" content="text/html;charset=utf-8" />
  <meta name='ocr-system' content='tesseract 3.04.00' />
  <meta name='ocr-capabilities' content='ocr_page ocr_carea ocr_par ocr_line ocrx_word'/>
</head>
<body>
  <div class='ocr_page' id='page_1' title='image "./tusculanarumdisp01ciceuoft_0107.png"; bbox 0 0 1817 3103; ppageno 0'>
   <div class='ocr_carea' id='block_1_1' title="bbox 285 84 1324 121">
    <p class='ocr_par' dir='ltr' id='par_1_1' title="bbox 285 84 1324 121">
     <span class='ocr_line' id='line_1_1' title="bbox 285 84 1324 121; baseline 0.003 -3"><span class='ocrx_word' id='word_1_1' title='bbox 285 84 677 120; x_wconf 84' lang='lat' dir='ltr'><strong>TUSCULANARUM</strong></span> <span class='ocrx_word' id='word_1_2' title='bbox 703 84 1101 120; x_wconf 88' lang='lat' dir='ltr'><strong>DISPUTATIONUM</strong></span> <span class='ocrx_word' id='word_1_3' title='bbox 1131 87 1171 121; x_wconf 88' lang='grc' dir='ltr'><strong>ΙΙ.</strong></span> <span class='ocrx_word' id='word_1_4' title='bbox 1200 91 1324 121; x_wconf 84' lang='grc'><strong>9-14,</strong></span> 
     </span>
    </p>
   </div>
   <div class='ocr_carea' id='block_1_2' title="bbox 1525 85 1577 126">
    <p class='ocr_par' dir='ltr' id='par_1_2' title="bbox 1525 85 1577 126">
     <span class='ocr_line' id='line_1_2' title="bbox 1525 85 1577 126; baseline 0.019 -1"><span class='ocrx_word' id='word_1_5' title='bbox 1525 85 1577 126; x_wconf 78' lang='lat'><strong>77</strong></span> 
     </span>
    </p>
   </div>
   <div class='ocr_carea' id='block_1_3' title="bbox 31 193 1580 305">
    <p class='ocr_par' dir='ltr' id='par_1_3' title="bbox 31 193 1580 305">
     <span class='ocr_line' id='line_1_3' title="bbox 33 193 1579 248; baseline 0 -14"><span class='ocrx_word' id='word_1_6' title='bbox 33 196 137 248; x_wconf 87' lang='lat' dir='ltr'><strong>piam</strong></span> <span class='ocrx_word' id='word_1_7' title='bbox 168 194 332 234; x_wconf 88' lang='lat' dir='ltr'><strong>barbare</strong></span> <span class='ocrx_word' id='word_1_8' title='bbox 364 194 546 245; x_wconf 90' lang='lat' dir='ltr'><strong>loquatur</strong></span> <span class='ocrx_word' id='word_1_9' title='bbox 577 201 643 234; x_wconf 95' lang='lat' dir='ltr'><strong>aut</strong></span> <span class='ocrx_word' id='word_1_10' title='bbox 675 196 707 233; x_wconf 90' lang='lat' dir='ltr'><strong>si</strong></span> <span class='ocrx_word' id='word_1_11' title='bbox 739 193 907 233; x_wconf 83' lang='lat' dir='ltr'>absurde</span> <span class='ocrx_word' id='word_1_12' title='bbox 940 200 1051 232; x_wconf 91' lang='lat' dir='ltr'><strong>canat</strong></span> <span class='ocrx_word' id='word_1_13' title='bbox 1083 196 1126 246; x_wconf 78' lang='lat' dir='ltr'><strong>iS,</strong></span> <span class='ocrx_word' id='word_1_14' title='bbox 1158 197 1226 244; x_wconf 89' lang='lat' dir='ltr'><strong>qui</strong></span> <span class='ocrx_word' id='word_1_15' title='bbox 1252 207 1293 234; x_wconf 88' lang='lat' dir='ltr'><strong>se</strong></span> <span class='ocrx_word' id='word_1_16' title='bbox 1320 195 1462 234; x_wconf 83' lang='lat' dir='ltr'><strong>habere</strong></span> <span class='ocrx_word' id='word_1_17' title='bbox 1490 195 1579 234; x_wconf 87' lang='lat' dir='ltr'><strong>velit</strong></span> 
     </span>
     <span class='ocr_line' id='line_1_4' title="bbox 31 253 1580 305; baseline 0 -12"><span class='ocrx_word' id='word_1_18' title='bbox 31 255 238 305; x_wconf 82' lang='lat' dir='ltr'><strong>musicum,</strong></span> <span class='ocrx_word' id='word_1_19' title='bbox 268 253 342 292; x_wconf 88' lang='lat' dir='ltr'><strong>hoc</strong></span> <span class='ocrx_word' id='word_1_20' title='bbox 374 254 526 304; x_wconf 77' lang='lat' dir='ltr'><strong>turpior</strong></span> <span class='ocrx_word' id='word_1_21' title='bbox 557 255 619 304; x_wconf 80' lang='lat' dir='ltr'><strong>sit,</strong></span> <span class='ocrx_word' id='word_1_22' title='bbox 651 253 754 304; x_wconf 89' lang='lat' dir='ltr'><strong>quod</strong></span> <span class='ocrx_word' id='word_1_23' title='bbox 786 254 825 291; x_wconf 92' lang='lat' dir='ltr'><strong>in</strong></span> <span class='ocrx_word' id='word_1_24' title='bbox 858 265 903 291; x_wconf 90' lang='lat' dir='ltr'><strong>eo</strong></span> <span class='ocrx_word' id='word_1_25' title='bbox 936 254 1020 304; x_wconf 90' lang='lat' dir='ltr'><strong>ipso</strong></span> <span class='ocrx_word' id='word_1_26' title='bbox 1053 259 1200 304; x_wconf 83' lang='lat' dir='ltr'><strong>peccet,</strong></span> <span class='ocrx_word' id='word_1_27' title='bbox 1233 255 1345 291; x_wconf 84' lang='lat' dir='ltr'><strong>cuius</strong></span> <span class='ocrx_word' id='word_1_28' title='bbox 1375 255 1580 304; x_wconf 85' lang='lat' dir='ltr'><strong>profitetur</strong></span> 
     </span>
    </p>
   </div>
   <div class='ocr_carea' id='block_1_4' title="bbox 18 310 1580 364">
    <p class='ocr_par' dir='ltr' id='par_1_4' title="bbox 18 310 1580 364">
     <span class='ocr_line' id='line_1_5' title="bbox 18 310 1580 364; baseline 0 -13"><span class='ocrx_word' id='word_1_29' title='bbox 18 313 245 363; x_wconf 77' lang='lat' dir='ltr'><strong>scientiam,</strong></span> <span class='ocrx_word' id='word_1_30' title='bbox 278 313 333 351; x_wconf 89' lang='lat' dir='ltr'><strong>sic</strong></span> <span class='ocrx_word' id='word_1_31' title='bbox 365 311 620 362; x_wconf 89' lang='lat' dir='ltr'><strong>philosophus</strong></span> <span class='ocrx_word' id='word_1_32' title='bbox 652 313 691 350; x_wconf 90' lang='lat' dir='ltr'><strong>in</strong></span> <span class='ocrx_word' id='word_1_33' title='bbox 724 313 822 350; x_wconf 89' lang='lat' dir='ltr'><strong>vitae</strong></span> <span class='ocrx_word' id='word_1_34' title='bbox 855 313 1006 350; x_wconf 89' lang='lat' dir='ltr'><strong>ratione</strong></span> <span class='ocrx_word' id='word_1_35' title='bbox 1038 323 1204 362; x_wconf 85' lang='lat' dir='ltr'><strong>peccans</strong></span> <span class='ocrx_word' id='word_1_36' title='bbox 1231 310 1305 349; x_wconf 92' lang='lat' dir='ltr'><strong>hoc</strong></span> <span class='ocrx_word' id='word_1_37' title='bbox 1332 314 1483 362; x_wconf 75' lang='lat' dir='ltr'>turpior</span> <span class='ocrx_word' id='word_1_38' title='bbox 1509 320 1580 364; x_wconf 89' lang='lat' dir='ltr'><strong>est,</strong></span> 
     </span>
    </p>
   </div>
   <div class='ocr_carea' id='block_1_5' title="bbox 30 369 1579 422">
    <p class='ocr_par' dir='ltr' id='par_1_5' title="bbox 30 369 1579 422">
     <span class='ocr_line' id='line_1_6' title="bbox 30 369 1579 422; baseline 0 -13"><span class='ocrx_word' id='word_1_39' title='bbox 30 370 135 422; x_wconf 85' lang='lat' dir='ltr'><strong>quod</strong></span> <span class='ocrx_word' id='word_1_40' title='bbox 172 372 212 409; x_wconf 91' lang='lat' dir='ltr'><strong>in</strong></span> <span class='ocrx_word' id='word_1_41' title='bbox 253 371 398 421; x_wconf 82' lang='lat' dir='ltr'><strong>officio,</strong></span> <span class='ocrx_word' id='word_1_42' title='bbox 438 372 549 409; x_wconf 85' lang='lat' dir='ltr'><strong>cuius</strong></span> <span class='ocrx_word' id='word_1_43' title='bbox 588 372 772 421; x_wconf 87' lang='lat' dir='ltr'><strong>magister</strong></span> <span class='ocrx_word' id='word_1_44' title='bbox 810 382 895 408; x_wconf 90' lang='lat' dir='ltr'><strong>esse</strong></span> <span class='ocrx_word' id='word_1_45' title='bbox 934 369 1028 420; x_wconf 85' lang='lat' dir='ltr'><strong>volt,</strong></span> <span class='ocrx_word' id='word_1_46' title='bbox 1067 369 1209 408; x_wconf 82' lang='lat' dir='ltr'>labitur</span> <span class='ocrx_word' id='word_1_47' title='bbox 1247 376 1447 420; x_wconf 81' lang='lat' dir='ltr'>artemque</span> <span class='ocrx_word' id='word_1_48' title='bbox 1481 372 1579 409; x_wconf 80' lang='lat' dir='ltr'><strong>vitae</strong></span> 
     </span>
    </p>
   </div>
   <div class='ocr_carea' id='block_1_6' title="bbox 29 429 645 481">
    <p class='ocr_par' dir='ltr' id='par_1_6' title="bbox 29 429 645 481">
     <span class='ocr_line' id='line_1_7' title="bbox 29 429 645 481; baseline -0.002 -13"><span class='ocrx_word' id='word_1_49' title='bbox 29 429 232 481; x_wconf 78' lang='lat' dir='ltr'><strong>professus</strong></span> <span class='ocrx_word' id='word_1_50' title='bbox 264 429 456 480; x_wconf 78' lang='lat' dir='ltr'><strong>delinquit</strong></span> <span class='ocrx_word' id='word_1_51' title='bbox 487 430 526 467; x_wconf 92' lang='lat' dir='ltr'><strong>in</strong></span> <span class='ocrx_word' id='word_1_52' title='bbox 560 431 645 467; x_wconf 90' lang='lat' dir='ltr'><strong>vita.</strong></span> 
     </span>
    </p>
   </div>
   <div class='ocr_carea' id='block_1_7' title="bbox 707 428 1612 480">
    <p class='ocr_par' dir='ltr' id='par_1_7' title="bbox 707 428 1612 480">
     <span class='ocr_line' id='line_1_8' title="bbox 707 428 1612 480; baseline -0.002 -13"><span class='ocrx_word' id='word_1_53' title='bbox 707 431 751 467; x_wconf 83' lang='lat' dir='ltr'><strong>A.</strong></span> <span class='ocrx_word' id='word_1_54' title='bbox 784 428 921 467; x_wconf 84' lang='lat' dir='ltr'>Nonne</span> <span class='ocrx_word' id='word_1_55' title='bbox 954 428 1167 467; x_wconf 90' lang='lat' dir='ltr'><strong>verendum</strong></span> <span class='ocrx_word' id='word_1_56' title='bbox 1199 434 1259 466; x_wconf 88' lang='lat' dir='ltr'><strong>est</strong></span> <span class='ocrx_word' id='word_1_57' title='bbox 1290 430 1420 480; x_wconf 82' lang='lat' dir='ltr'><strong>igitur,</strong></span> <span class='ocrx_word' id='word_1_58' title='bbox 1456 429 1488 466; x_wconf 86' lang='lat' dir='ltr'><strong>si</strong></span> <span class='ocrx_word' id='word_1_59' title='bbox 1521 429 1612 467; x_wconf 63' lang='lat' dir='ltr'><strong>esta*</strong></span> 
     </span>
    </p>
   </div>
   <div class='ocr_carea' id='block_1_8' title="bbox 28 484 1639 657">
    <p class='ocr_par' dir='ltr' id='par_1_8' title="bbox 28 484 1639 657">
     <span class='ocr_line' id='line_1_9' title="bbox 29 484 1582 540; baseline -0.001 -13"><span class='ocrx_word' id='word_1_60' title='bbox 29 489 95 540; x_wconf 84' lang='lat' dir='ltr'><strong>ita,</strong></span> <span class='ocrx_word' id='word_1_61' title='bbox 126 493 169 526; x_wconf 92' lang='lat' dir='ltr'><strong>ut</strong></span> <span class='ocrx_word' id='word_1_62' title='bbox 201 487 309 540; x_wconf 87' lang='lat' dir='ltr'><strong>dicis,</strong></span> <span class='ocrx_word' id='word_1_63' title='bbox 341 500 389 526; x_wconf 88' lang='lat' dir='ltr'><strong>ue</strong></span> <span class='ocrx_word' id='word_1_64' title='bbox 422 487 705 538; x_wconf 84' lang='lat' dir='ltr'>philosophiam</span> <span class='ocrx_word' id='word_1_65' title='bbox 737 487 830 526; x_wconf 83' lang='lat' dir='ltr'><strong>salsa</strong></span> <span class='ocrx_word' id='word_1_66' title='bbox 862 487 983 537; x_wconf 86' lang='lat' dir='ltr'><strong>gloria</strong></span> <span class='ocrx_word' id='word_1_67' title='bbox 1015 484 1210 526; x_wconf 79' lang='lat' dir='ltr'><strong>exornes?</strong></span> <span class='ocrx_word' id='word_1_68' title='bbox 1252 486 1363 532; x_wconf 90' lang='lat' dir='ltr'><strong>Quod</strong></span> <span class='ocrx_word' id='word_1_69' title='bbox 1392 492 1451 525; x_wconf 87' lang='lat' dir='ltr'><strong>est</strong></span> <span class='ocrx_word' id='word_1_70' title='bbox 1477 488 1582 525; x_wconf 89' lang='lat' dir='ltr'><strong>enim</strong></span> 
     </span>
     <span class='ocr_line' id='line_1_10' title="bbox 29 545 1581 597; baseline -0.002 -11"><span class='ocrx_word' id='word_1_71' title='bbox 29 547 155 586; x_wconf 85' lang='lat' dir='ltr'><strong>maius</strong></span> <span class='ocrx_word' id='word_1_72' title='bbox 195 551 467 597; x_wconf 80' lang='lat' dir='ltr'><strong>argumentum</strong></span> <span class='ocrx_word' id='word_1_73' title='bbox 511 546 605 584; x_wconf 87' lang='lat' dir='ltr'>nihil</span> <span class='ocrx_word' id='word_1_74' title='bbox 644 558 728 584; x_wconf 88' lang='lat' dir='ltr'><strong>eam</strong></span> <span class='ocrx_word' id='word_1_75' title='bbox 766 545 952 596; x_wconf 82' lang='lat' dir='ltr'><strong>prodesse</strong></span> <span class='ocrx_word' id='word_1_76' title='bbox 992 557 1108 596; x_wconf 90' lang='lat' dir='ltr'><strong>quam</strong></span> <span class='ocrx_word' id='word_1_77' title='bbox 1152 546 1341 596; x_wconf 85' lang='lat' dir='ltr'><strong>quosdam</strong></span> <span class='ocrx_word' id='word_1_78' title='bbox 1385 545 1581 596; x_wconf 80' lang='lat' dir='ltr'><strong>perfectos</strong></span> 
     </span>
     <span class='ocr_line' id='line_1_11' title="bbox 28 602 1639 657; baseline -0.001 -14"><span class='ocrx_word' id='word_1_79' title='bbox 28 604 281 657; x_wconf 88' lang='lat' dir='ltr'><strong>philosophos</strong></span> <span class='ocrx_word' id='word_1_80' title='bbox 313 606 482 656; x_wconf 80' lang='lat' dir='ltr'><strong>turpiter</strong></span> <span class='ocrx_word' id='word_1_81' title='bbox 513 602 670 643; x_wconf 79' lang='lat' dir='ltr'><strong>vivere?</strong></span> <span class='ocrx_word' id='word_1_82' title='bbox 732 605 786 642; x_wconf 88' lang='lat' dir='ltr'><strong>M.</strong></span> <span class='ocrx_word' id='word_1_83' title='bbox 819 604 976 643; x_wconf 90' lang='lat' dir='ltr'><strong>Nullum</strong></span> <span class='ocrx_word' id='word_1_84' title='bbox 1003 616 1094 642; x_wconf 92' lang='lat' dir='ltr'><strong>vero</strong></span> <span class='ocrx_word' id='word_1_85' title='bbox 1127 603 1165 642; x_wconf 90' lang='lat' dir='ltr'><strong>id</strong></span> <span class='ocrx_word' id='word_1_86' title='bbox 1192 604 1349 655; x_wconf 88' lang='lat' dir='ltr'><strong>quidem</strong></span> <span class='ocrx_word' id='word_1_87' title='bbox 1375 615 1579 655; x_wconf 85' lang='lat' dir='ltr'><strong>argumen-</strong></span> <span class='ocrx_word' id='word_1_88' title='bbox 1599 613 1639 643; x_wconf 85' lang='lat'><strong>13</strong></span> 
     </span>
    </p>
   </div>
   <div class='ocr_carea' id='block_1_9' title="bbox 28 669 461 774">
    <p class='ocr_par' dir='ltr' id='par_1_9' title="bbox 28 669 461 774">
     <span class='ocr_line' id='line_1_12' title="bbox 28 669 215 703; baseline 0 -1"><span class='ocrx_word' id='word_1_89' title='bbox 28 669 113 703; x_wconf 84' lang='lat' dir='ltr'><strong>tum</strong></span> <span class='ocrx_word' id='word_1_90' title='bbox 144 669 215 702; x_wconf 88' lang='lat' dir='ltr'><strong>est.</strong></span> 
     </span>
     <span class='ocr_line' id='line_1_13' title="bbox 28 722 461 774; baseline -0.005 -13"><span class='ocrx_word' id='word_1_91' title='bbox 28 734 196 774; x_wconf 85' lang='lat' dir='ltr'><strong>sumque</strong></span> <span class='ocrx_word' id='word_1_92' title='bbox 229 722 323 761; x_wconf 92' lang='lat' dir='ltr'><strong>illud</strong></span> <span class='ocrx_word' id='word_1_93' title='bbox 355 722 461 760; x_wconf 82' lang='lat' dir='ltr'><strong>Accii</strong></span> 
     </span>
    </p>
   </div>
   <div class='ocr_carea' id='block_1_10' title="bbox 276 662 1582 715">
    <p class='ocr_par' dir='ltr' id='par_1_10' title="bbox 276 662 1582 715">
     <span class='ocr_line' id='line_1_14' title="bbox 276 662 1582 715; baseline -0.001 -13"><span class='ocrx_word' id='word_1_94' title='bbox 276 663 373 702; x_wconf 91' lang='lat' dir='ltr'><strong>Nam</strong></span> <span class='ocrx_word' id='word_1_95' title='bbox 406 670 448 702; x_wconf 92' lang='lat' dir='ltr'><strong>ut</strong></span> <span class='ocrx_word' id='word_1_96' title='bbox 479 665 560 713; x_wconf 90' lang='lat' dir='ltr'><strong>agri</strong></span> <span class='ocrx_word' id='word_1_97' title='bbox 587 675 664 702; x_wconf 91' lang='lat' dir='ltr'><strong>non</strong></span> <span class='ocrx_word' id='word_1_98' title='bbox 691 675 825 702; x_wconf 92' lang='lat' dir='ltr'><strong>omnes</strong></span> <span class='ocrx_word' id='word_1_99' title='bbox 851 663 1031 714; x_wconf 81' lang='lat' dir='ltr'><strong>frugiferi</strong></span> <span class='ocrx_word' id='word_1_100' title='bbox 1058 669 1161 715; x_wconf 83' lang='lat' dir='ltr'><strong>sunt,</strong></span> <span class='ocrx_word' id='word_1_101' title='bbox 1193 665 1260 714; x_wconf 84' lang='lat' dir='ltr'><strong>qui</strong></span> <span class='ocrx_word' id='word_1_102' title='bbox 1286 663 1481 715; x_wconf 83' lang='lat' dir='ltr'><strong>coluntur,</strong></span> <span class='ocrx_word' id='word_1_103' title='bbox 1514 662 1582 701; x_wconf 83' lang='lat' dir='ltr'><strong>sal-</strong></span> 
     </span>
    </p>
   </div>
   <div class='ocr_carea' id='block_1_11' title="bbox 260 791 1347 901">
    <p class='ocr_par' dir='ltr' id='par_1_11' title="bbox 260 791 1347 901">
     <span class='ocr_line' id='line_1_15' title="bbox 266 791 1347 841; baseline -0.001 -10"><span class='ocrx_word' id='word_1_104' title='bbox 266 794 424 832; x_wconf 86' lang='lat' dir='ltr'><strong>Probae</strong></span> <span class='ocrx_word' id='word_1_105' title='bbox 455 793 530 832; x_wconf 82' lang='lat' dir='ltr'><strong>e&#39;tsi</strong></span> <span class='ocrx_word' id='word_1_106' title='bbox 560 796 599 831; x_wconf 76' lang='lat' dir='ltr'><strong>in</strong></span> <span class='ocrx_word' id='word_1_107' title='bbox 631 798 801 841; x_wconf 57' lang='lat' dir='ltr'><strong>segetem</strong></span> <span class='ocrx_word' id='word_1_108' title='bbox 831 792 925 832; x_wconf 70' lang='lat' dir='ltr'><strong>sunt</strong></span> <span class='ocrx_word' id='word_1_109' title='bbox 955 791 1195 831; x_wconf 74' lang='lat' dir='ltr'><strong>deteriorem</strong></span> <span class='ocrx_word' id='word_1_110' title='bbox 1227 793 1347 830; x_wconf 80' lang='lat' dir='ltr'><strong>datae</strong></span> 
     </span>
     <span class='ocr_line' id='line_1_16' title="bbox 260 850 1264 901; baseline -0.001 -11"><span class='ocrx_word' id='word_1_111' title='bbox 260 851 413 900; x_wconf 70' lang='lat' dir='ltr'><strong>sruqe&#39;s,</strong></span> <span class='ocrx_word' id='word_1_112' title='bbox 446 856 576 891; x_wconf 79' lang='lat' dir='ltr'><strong>tamen</strong></span> <span class='ocrx_word' id='word_1_113' title='bbox 610 854 719 900; x_wconf 79' lang='lat' dir='ltr'><strong>ipsae</strong></span> <span class='ocrx_word' id='word_1_114' title='bbox 749 850 891 901; x_wconf 75' lang='lat' dir='ltr'><strong>sudpte</strong></span> <span class='ocrx_word' id='word_1_115' title='bbox 922 856 1072 890; x_wconf 79' lang='lat' dir='ltr'><strong>natura</strong></span> <span class='ocrx_word' id='word_1_116' title='bbox 1106 850 1264 898; x_wconf 72' lang='lat' dir='ltr'><strong>enitent,</strong></span> 
     </span>
    </p>
   </div>
   <div class='ocr_carea' id='block_1_12' title="bbox 28 921 1048 961">
    <p class='ocr_par' dir='ltr' id='par_1_12' title="bbox 28 921 1048 961">
     <span class='ocr_line' id='line_1_17' title="bbox 28 921 1048 961; baseline -0.001 -1"><span class='ocrx_word' id='word_1_117' title='bbox 28 923 86 961; x_wconf 88' lang='lat' dir='ltr'><strong>sic</strong></span> <span class='ocrx_word' id='word_1_118' title='bbox 118 923 235 960; x_wconf 93' lang='lat' dir='ltr'><strong>animi</strong></span> <span class='ocrx_word' id='word_1_119' title='bbox 273 933 350 960; x_wconf 94' lang='lat' dir='ltr'><strong>non</strong></span> <span class='ocrx_word' id='word_1_120' title='bbox 388 934 524 961; x_wconf 89' lang='lat' dir='ltr'><strong>omnes</strong></span> <span class='ocrx_word' id='word_1_121' title='bbox 562 922 657 961; x_wconf 87' lang='lat' dir='ltr'><strong>culti</strong></span> <span class='ocrx_word' id='word_1_122' title='bbox 695 922 865 961; x_wconf 84' lang='lat' dir='ltr'><strong>fructum</strong></span> <span class='ocrx_word' id='word_1_123' title='bbox 906 921 1048 960; x_wconf 84' lang='lat' dir='ltr'><strong>ferunt.</strong></span> 
     </span>
    </p>
   </div>
   <div class='ocr_carea' id='block_1_13' title="bbox 1112 921 1582 972">
    <p class='ocr_par' dir='ltr' id='par_1_13' title="bbox 1112 921 1582 972">
     <span class='ocr_line' id='line_1_18' title="bbox 1112 921 1582 972; baseline 0.002 -13"><span class='ocrx_word' id='word_1_124' title='bbox 1112 922 1254 972; x_wconf 78' lang='lat' dir='ltr'><strong>Atque,</strong></span> <span class='ocrx_word' id='word_1_125' title='bbox 1298 927 1341 959; x_wconf 90' lang='lat' dir='ltr'><strong>ut</strong></span> <span class='ocrx_word' id='word_1_126' title='bbox 1373 923 1411 959; x_wconf 93' lang='lat' dir='ltr'><strong>in</strong></span> <span class='ocrx_word' id='word_1_127' title='bbox 1444 921 1582 960; x_wconf 91' lang='lat' dir='ltr'><strong>eodem</strong></span> 
     </span>
    </p>
   </div>
   <div class='ocr_carea' id='block_1_14' title="bbox 29 979 1581 1090">
    <p class='ocr_par' dir='ltr' id='par_1_14' title="bbox 29 979 1581 1090">
     <span class='ocr_line' id='line_1_19' title="bbox 29 979 1581 1032; baseline 0 -13"><span class='ocrx_word' id='word_1_128' title='bbox 29 979 147 1020; x_wconf 91' lang='lat' dir='ltr'><strong>simili</strong></span> <span class='ocrx_word' id='word_1_129' title='bbox 179 992 323 1032; x_wconf 87' lang='lat' dir='ltr'><strong>verser,</strong></span> <span class='ocrx_word' id='word_1_130' title='bbox 355 986 399 1019; x_wconf 90' lang='lat' dir='ltr'><strong>ut</strong></span> <span class='ocrx_word' id='word_1_131' title='bbox 430 993 521 1031; x_wconf 88' lang='lat' dir='ltr'><strong>ager</strong></span> <span class='ocrx_word' id='word_1_132' title='bbox 554 982 730 1032; x_wconf 87' lang='lat' dir='ltr'><strong>quamvis</strong></span> <span class='ocrx_word' id='word_1_133' title='bbox 762 980 902 1019; x_wconf 88' lang='lat' dir='ltr'><strong>fertilis</strong></span> <span class='ocrx_word' id='word_1_134' title='bbox 935 982 1018 1018; x_wconf 89' lang='lat' dir='ltr'><strong>sine</strong></span> <span class='ocrx_word' id='word_1_135' title='bbox 1051 979 1203 1018; x_wconf 86' lang='lat' dir='ltr'><strong>cultura</strong></span> <span class='ocrx_word' id='word_1_136' title='bbox 1237 980 1462 1019; x_wconf 83' lang='lat' dir='ltr'><strong>fructuosus</strong></span> <span class='ocrx_word' id='word_1_137' title='bbox 1495 992 1581 1019; x_wconf 87' lang='lat' dir='ltr'><strong>esse</strong></span> 
     </span>
     <span class='ocr_line' id='line_1_20' title="bbox 30 1040 1581 1090; baseline -0.001 -12"><span class='ocrx_word' id='word_1_138' title='bbox 30 1051 109 1078; x_wconf 89' lang='lat' dir='ltr'><strong>non</strong></span> <span class='ocrx_word' id='word_1_139' title='bbox 149 1045 295 1090; x_wconf 88' lang='lat' dir='ltr'><strong>potest,</strong></span> <span class='ocrx_word' id='word_1_140' title='bbox 336 1041 391 1078; x_wconf 83' lang='lat' dir='ltr'><strong>sic</strong></span> <span class='ocrx_word' id='word_1_141' title='bbox 433 1042 515 1078; x_wconf 89' lang='lat' dir='ltr'><strong>sine</strong></span> <span class='ocrx_word' id='word_1_142' title='bbox 556 1040 732 1078; x_wconf 91' lang='lat' dir='ltr'><strong>doctrina</strong></span> <span class='ocrx_word' id='word_1_143' title='bbox 773 1041 943 1078; x_wconf 88' lang='lat' dir='ltr'><strong>animus:</strong></span> <span class='ocrx_word' id='word_1_144' title='bbox 992 1041 1044 1077; x_wconf 89' lang='lat' dir='ltr'><strong>ita</strong></span> <span class='ocrx_word' id='word_1_145' title='bbox 1086 1045 1145 1077; x_wconf 84' lang='lat' dir='ltr'><strong>est</strong></span> <span class='ocrx_word' id='word_1_146' title='bbox 1185 1044 1351 1089; x_wconf 90' lang='lat' dir='ltr'><strong>utraque</strong></span> <span class='ocrx_word' id='word_1_147' title='bbox 1393 1051 1457 1078; x_wconf 88' lang='lat' dir='ltr'><strong>res</strong></span> <span class='ocrx_word' id='word_1_148' title='bbox 1498 1041 1581 1077; x_wconf 83' lang='lat' dir='ltr'><strong>sine</strong></span> 
     </span>
    </p>
   </div>
   <div class='ocr_carea' id='block_1_15' title="bbox 30 1097 333 1136">
    <p class='ocr_par' dir='ltr' id='par_1_15' title="bbox 30 1097 333 1136">
     <span class='ocr_line' id='line_1_21' title="bbox 30 1097 333 1136; baseline 0 0"><span class='ocrx_word' id='word_1_149' title='bbox 30 1097 151 1136; x_wconf 88' lang='lat' dir='ltr'><strong>altera</strong></span> <span class='ocrx_word' id='word_1_150' title='bbox 184 1097 333 1136; x_wconf 83' lang='lat' dir='ltr'><strong>debilis.</strong></span> 
     </span>
    </p>
   </div>
   <div class='ocr_carea' id='block_1_16' title="bbox 396 1097 1583 1149">
    <p class='ocr_par' dir='ltr' id='par_1_16' title="bbox 396 1097 1583 1149">
     <span class='ocr_line' id='line_1_22' title="bbox 396 1097 1583 1149; baseline -0.001 -12"><span class='ocrx_word' id='word_1_151' title='bbox 396 1097 555 1137; x_wconf 82' lang='lat' dir='ltr'><strong>Cultura</strong></span> <span class='ocrx_word' id='word_1_152' title='bbox 588 1105 717 1137; x_wconf 87' lang='lat' dir='ltr'><strong>autem</strong></span> <span class='ocrx_word' id='word_1_153' title='bbox 750 1099 867 1136; x_wconf 91' lang='lat' dir='ltr'><strong>animi</strong></span> <span class='ocrx_word' id='word_1_154' title='bbox 899 1097 1143 1149; x_wconf 83' lang='lat' dir='ltr'><strong>philosophia</strong></span> <span class='ocrx_word' id='word_1_155' title='bbox 1176 1102 1254 1149; x_wconf 85' lang='lat' dir='ltr'><strong>est3</strong></span> <span class='ocrx_word' id='word_1_156' title='bbox 1288 1097 1383 1135; x_wconf 90' lang='lat' dir='ltr'><strong>haec</strong></span> <span class='ocrx_word' id='word_1_157' title='bbox 1415 1098 1583 1136; x_wconf 88' lang='lat' dir='ltr'><strong>extrahit</strong></span> 
     </span>
    </p>
   </div>
   <div class='ocr_carea' id='block_1_17' title="bbox 29 1155 1583 1266">
    <p class='ocr_par' dir='ltr' id='par_1_17' title="bbox 29 1155 1583 1266">
     <span class='ocr_line' id='line_1_23' title="bbox 29 1155 1581 1207; baseline 0.001 -13"><span class='ocrx_word' id='word_1_158' title='bbox 29 1157 122 1195; x_wconf 91' lang='lat' dir='ltr'><strong>vitia</strong></span> <span class='ocrx_word' id='word_1_159' title='bbox 166 1156 353 1195; x_wconf 84' lang='lat' dir='ltr'><strong>radicitus</strong></span> <span class='ocrx_word' id='word_1_160' title='bbox 397 1163 436 1195; x_wconf 90' lang='lat' dir='ltr'><strong>et</strong></span> <span class='ocrx_word' id='word_1_161' title='bbox 479 1163 684 1207; x_wconf 89' lang='lat' dir='ltr'><strong>praeparat</strong></span> <span class='ocrx_word' id='word_1_162' title='bbox 728 1158 876 1194; x_wconf 88' lang='lat' dir='ltr'><strong>animos</strong></span> <span class='ocrx_word' id='word_1_163' title='bbox 925 1155 970 1194; x_wconf 90' lang='lat' dir='ltr'><strong>ad</strong></span> <span class='ocrx_word' id='word_1_164' title='bbox 1015 1162 1122 1194; x_wconf 87' lang='lat' dir='ltr'><strong>satus</strong></span> <span class='ocrx_word' id='word_1_165' title='bbox 1167 1156 1414 1206; x_wconf 84' lang='lat' dir='ltr'><strong>accipiendos</strong></span> <span class='ocrx_word' id='word_1_166' title='bbox 1459 1168 1581 1207; x_wconf 90' lang='lat' dir='ltr'><strong>eaque</strong></span> 
     </span>
     <span class='ocr_line' id='line_1_24' title="bbox 33 1214 1583 1266; baseline 0 -13"><span class='ocrx_word' id='word_1_167' title='bbox 33 1214 188 1253; x_wconf 89' lang='lat' dir='ltr'><strong>mandat</strong></span> <span class='ocrx_word' id='word_1_168' title='bbox 219 1216 266 1253; x_wconf 86' lang='lat' dir='ltr'><strong>iis</strong></span> <span class='ocrx_word' id='word_1_169' title='bbox 299 1221 355 1266; x_wconf 90' lang='lat' dir='ltr'><strong>et,</strong></span> <span class='ocrx_word' id='word_1_170' title='bbox 394 1221 437 1253; x_wconf 89' lang='lat' dir='ltr'><strong>ut</strong></span> <span class='ocrx_word' id='word_1_171' title='bbox 468 1217 520 1253; x_wconf 91' lang='lat' dir='ltr'><strong>ita</strong></span> <span class='ocrx_word' id='word_1_172' title='bbox 552 1215 693 1266; x_wconf 82' lang='lat' dir='ltr'><strong>dicam,</strong></span> <span class='ocrx_word' id='word_1_173' title='bbox 733 1216 846 1265; x_wconf 86' lang='lat' dir='ltr'><strong>serit,</strong></span> <span class='ocrx_word' id='word_1_174' title='bbox 884 1227 982 1265; x_wconf 88' lang='lat' dir='ltr'><strong>quae</strong></span> <span class='ocrx_word' id='word_1_175' title='bbox 1015 1214 1145 1253; x_wconf 88' lang='lat' dir='ltr'><strong>adulta</strong></span> <span class='ocrx_word' id='word_1_176' title='bbox 1177 1215 1330 1253; x_wconf 85' lang='lat' dir='ltr'><strong>fructus</strong></span> <span class='ocrx_word' id='word_1_177' title='bbox 1361 1214 1583 1254; x_wconf 88' lang='lat' dir='ltr'><strong>uberrimos</strong></span> 
     </span>
    </p>
   </div>
   <div class='ocr_carea' id='block_1_18' title="bbox 29 1273 244 1371">
    <p class='ocr_par' dir='ltr' id='par_1_18' title="bbox 29 1273 244 1371">
     <span class='ocr_line' id='line_1_25' title="bbox 31 1273 170 1313; baseline 0.007 -1"><span class='ocrx_word' id='word_1_178' title='bbox 31 1273 170 1313; x_wconf 87' lang='lat' dir='ltr'><strong>ferant.</strong></span> 
     </span>
     <span class='ocr_line' id='line_1_26' title="bbox 29 1331 244 1371; baseline 0.005 -1"><span class='ocrx_word' id='word_1_179' title='bbox 29 1333 105 1371; x_wconf 87' lang='lat' dir='ltr'><strong>tari</strong></span> <span class='ocrx_word' id='word_1_180' title='bbox 138 1331 244 1371; x_wconf 90' lang='lat' dir='ltr'><strong>velis.</strong></span> 
     </span>
    </p>
   </div>
   <div class='ocr_carea' id='block_1_19' title="bbox 148 1390 1641 1432">
    <p class='ocr_par' dir='ltr' id='par_1_19' title="bbox 148 1390 1641 1432">
     <span class='ocr_line' id='line_1_27' title="bbox 148 1390 1641 1432; baseline 0.001 -3"><span class='ocrx_word' id='word_1_181' title='bbox 148 1392 194 1430; x_wconf 89' lang='grc' dir='ltr'><strong>Α.</strong></span> <span class='ocrx_word' id='word_1_182' title='bbox 243 1390 460 1430; x_wconf 85' lang='lat' dir='ltr'><strong>Dolorem</strong></span> <span class='ocrx_word' id='word_1_183' title='bbox 511 1393 730 1430; x_wconf 89' lang='lat' dir='ltr'><strong>existimo</strong></span> <span class='ocrx_word' id='word_1_184' title='bbox 782 1403 1041 1430; x_wconf 87' lang='lat' dir='ltr'><strong>maxumum</strong></span> <span class='ocrx_word' id='word_1_185' title='bbox 1091 1391 1316 1429; x_wconf 90' lang='lat' dir='ltr'><strong>malorum</strong></span> <span class='ocrx_word' id='word_1_186' title='bbox 1369 1392 1641 1432; x_wconf 80' lang='lat' dir='ltr'><strong>omnium.14</strong></span> 
     </span>
    </p>
   </div>
   <div class='ocr_carea' id='block_1_20' title="bbox 231 1273 891 1326">
    <p class='ocr_par' dir='ltr' id='par_1_20' title="bbox 231 1273 891 1326">
     <span class='ocr_line' id='line_1_28' title="bbox 231 1273 891 1326; baseline -0.002 -14"><span class='ocrx_word' id='word_1_187' title='bbox 231 1273 398 1325; x_wconf 85' lang='lat' dir='ltr'><strong>Agamus</strong></span> <span class='ocrx_word' id='word_1_188' title='bbox 431 1275 566 1326; x_wconf 83' lang='lat' dir='ltr'><strong>igitur,</strong></span> <span class='ocrx_word' id='word_1_189' title='bbox 605 1280 648 1312; x_wconf 89' lang='lat' dir='ltr'><strong>ut</strong></span> <span class='ocrx_word' id='word_1_190' title='bbox 680 1275 891 1325; x_wconf 89' lang='lat' dir='ltr'><strong>coepimus.</strong></span> 
     </span>
    </p>
   </div>
   <div class='ocr_carea' id='block_1_21' title="bbox 955 1273 1582 1325">
    <p class='ocr_par' dir='ltr' id='par_1_21' title="bbox 955 1273 1582 1325">
     <span class='ocr_line' id='line_1_29' title="bbox 955 1273 1582 1325; baseline 0.003 -14"><span class='ocrx_word' id='word_1_191' title='bbox 955 1273 1040 1325; x_wconf 88' lang='lat' dir='ltr'><strong>Dic,</strong></span> <span class='ocrx_word' id='word_1_192' title='bbox 1082 1275 1115 1312; x_wconf 85' lang='lat' dir='ltr'><strong>si</strong></span> <span class='ocrx_word' id='word_1_193' title='bbox 1148 1275 1223 1324; x_wconf 78' lang='lat' dir='ltr'><strong>vis,</strong></span> <span class='ocrx_word' id='word_1_194' title='bbox 1262 1273 1308 1311; x_wconf 88' lang='lat' dir='ltr'><strong>de</strong></span> <span class='ocrx_word' id='word_1_195' title='bbox 1342 1285 1418 1324; x_wconf 91' lang='lat' dir='ltr'><strong>quo</strong></span> <span class='ocrx_word' id='word_1_196' title='bbox 1452 1273 1582 1325; x_wconf 86' lang='lat' dir='ltr'><strong>dispu-</strong></span> 
     </span>
    </p>
   </div>
   <div class='ocr_carea' id='block_1_22' title="bbox 29 1448 1582 1560">
    <p class='ocr_par' dir='ltr' id='par_1_22' title="bbox 29 1448 1582 1560">
     <span class='ocr_line' id='line_1_30' title="bbox 31 1448 1582 1501; baseline 0 -13"><span class='ocrx_word' id='word_1_197' title='bbox 31 1450 86 1489; x_wconf 87' lang='lat' dir='ltr'><strong>M.</strong></span> <span class='ocrx_word' id='word_1_198' title='bbox 118 1449 294 1489; x_wconf 89' lang='lat' dir='ltr'><strong>Etiamne</strong></span> <span class='ocrx_word' id='word_1_199' title='bbox 327 1452 450 1489; x_wconf 90' lang='lat' dir='ltr'><strong>maius</strong></span> <span class='ocrx_word' id='word_1_200' title='bbox 482 1462 598 1501; x_wconf 89' lang='lat' dir='ltr'><strong>quam</strong></span> <span class='ocrx_word' id='word_1_201' title='bbox 630 1448 833 1489; x_wconf 78' lang='lat' dir='ltr'><strong>dedecus?</strong></span> <span class='ocrx_word' id='word_1_202' title='bbox 888 1452 933 1489; x_wconf 82' lang='lat' dir='ltr'><strong>A.</strong></span> <span class='ocrx_word' id='word_1_203' title='bbox 966 1449 1051 1488; x_wconf 93' lang='lat' dir='ltr'><strong>Non</strong></span> <span class='ocrx_word' id='word_1_204' title='bbox 1083 1449 1207 1488; x_wconf 90' lang='lat' dir='ltr'><strong>audeo</strong></span> <span class='ocrx_word' id='word_1_205' title='bbox 1239 1450 1278 1488; x_wconf 92' lang='lat' dir='ltr'><strong>id</strong></span> <span class='ocrx_word' id='word_1_206' title='bbox 1311 1450 1442 1488; x_wconf 87' lang='lat' dir='ltr'><strong>dicere</strong></span> <span class='ocrx_word' id='word_1_207' title='bbox 1476 1452 1582 1501; x_wconf 88' lang='lat' dir='ltr'><strong>equi-</strong></span> 
     </span>
     <span class='ocr_line' id='line_1_31' title="bbox 29 1508 1582 1560; baseline -0.001 -12"><span class='ocrx_word' id='word_1_208' title='bbox 29 1508 119 1547; x_wconf 89' lang='lat' dir='ltr'><strong>dem</strong></span> <span class='ocrx_word' id='word_1_209' title='bbox 152 1514 190 1548; x_wconf 83' lang='lat' dir='ltr'><strong>et</strong></span> <span class='ocrx_word' id='word_1_210' title='bbox 222 1520 284 1547; x_wconf 90' lang='lat' dir='ltr'><strong>me</strong></span> <span class='ocrx_word' id='word_1_211' title='bbox 315 1508 436 1560; x_wconf 89' lang='lat' dir='ltr'><strong>pudet</strong></span> <span class='ocrx_word' id='word_1_212' title='bbox 468 1515 544 1548; x_wconf 85' lang='lat' dir='ltr'><strong>tam</strong></span> <span class='ocrx_word' id='word_1_213' title='bbox 577 1511 653 1548; x_wconf 86' lang='lat' dir='ltr'><strong>cito</strong></span> <span class='ocrx_word' id='word_1_214' title='bbox 686 1509 733 1548; x_wconf 91' lang='lat' dir='ltr'><strong>de</strong></span> <span class='ocrx_word' id='word_1_215' title='bbox 766 1511 958 1548; x_wconf 87' lang='lat' dir='ltr'><strong>sententia</strong></span> <span class='ocrx_word' id='word_1_216' title='bbox 991 1521 1076 1548; x_wconf 89' lang='lat' dir='ltr'><strong>esse</strong></span> <span class='ocrx_word' id='word_1_217' title='bbox 1109 1508 1315 1547; x_wconf 91' lang='lat' dir='ltr'><strong>deiectum.</strong></span> <span class='ocrx_word' id='word_1_218' title='bbox 1372 1509 1428 1547; x_wconf 90' lang='lat' dir='ltr'><strong>M.</strong></span> <span class='ocrx_word' id='word_1_219' title='bbox 1461 1508 1582 1560; x_wconf 86' lang='lat' dir='ltr'><strong>Magis</strong></span> 
     </span>
    </p>
   </div>
   <div class='ocr_carea' id='block_1_23' title="bbox 28 1669 774 2840">
    <p class='ocr_par' dir='ltr' id='par_1_23' title="bbox 28 1669 770 1808">
     <span class='ocr_line' id='line_1_32' title="bbox 28 1669 769 1711; baseline 0 -7"><span class='ocrx_word' id='word_1_220' title='bbox 28 1680 113 1705; x_wconf 77' lang='lat' dir='ltr'><strong>eam</strong></span> <span class='ocrx_word' id='word_1_221' title='bbox 137 1672 255 1704; x_wconf 88' lang='lat' dir='ltr'><strong>autem</strong></span> <span class='ocrx_word' id='word_1_222' title='bbox 279 1669 336 1703; x_wconf 84' lang='lat' dir='ltr'><strong>hic</strong></span> <span class='ocrx_word' id='word_1_223' title='bbox 360 1670 478 1711; x_wconf 79' lang='lat' dir='ltr'><strong>fervor</strong></span> <span class='ocrx_word' id='word_1_224' title='bbox 504 1689 548 1694; x_wconf 91' lang='lat'><strong>—-</strong></span> <span class='ocrx_word' id='word_1_225' title='bbox 574 1670 689 1704; x_wconf 82' lang='lat' dir='ltr'><strong>animi</strong></span> <span class='ocrx_word' id='word_1_226' title='bbox 715 1671 769 1704; x_wconf 79' lang='lat' dir='ltr'><strong>in—</strong></span> 
     </span>
     <span class='ocr_line' id='line_1_33' title="bbox 31 1717 770 1760; baseline 0.001 -9"><span class='ocrx_word' id='word_1_227' title='bbox 31 1717 242 1752; x_wconf 78' lang='lat' dir='ltr'><strong>veteraverit</strong></span> <span class='ocrx_word' id='word_1_228' title='bbox 266 1719 298 1750; x_wconf 86' lang='lat' dir='ltr'><strong>et</strong></span> <span class='ocrx_word' id='word_1_229' title='bbox 323 1719 504 1760; x_wconf 79' lang='lat' dir='ltr'><strong>tamquam</strong></span> <span class='ocrx_word' id='word_1_230' title='bbox 526 1717 567 1751; x_wconf 86' lang='lat' dir='ltr'><strong>in</strong></span> <span class='ocrx_word' id='word_1_231' title='bbox 585 1717 684 1752; x_wconf 84' lang='lat' dir='ltr'><strong>venis</strong></span> <span class='ocrx_word' id='word_1_232' title='bbox 703 1728 770 1752; x_wconf 87' lang='lat' dir='ltr'><strong>me-</strong></span> 
     </span>
     <span class='ocr_line' id='line_1_34' title="bbox 28 1763 414 1808; baseline 0.003 -10"><span class='ocrx_word' id='word_1_233' title='bbox 28 1763 210 1808; x_wconf 83' lang='lat' dir='ltr'><strong>dullisque</strong></span> <span class='ocrx_word' id='word_1_234' title='bbox 233 1763 414 1799; x_wconf 74' lang='lat' dir='ltr'><strong>insederit.</strong></span> 
     </span>
    </p>

    <p class='ocr_par' dir='ltr' id='par_1_24' title="bbox 33 1810 772 1902">
     <span class='ocr_line' id='line_1_35' title="bbox 81 1810 772 1855; baseline 0.001 -11"><span class='ocrx_word' id='word_1_235' title='bbox 81 1814 136 1844; x_wconf 81' lang='lat'><strong>12.</strong></span> <span class='ocrx_word' id='word_1_236' title='bbox 177 1811 328 1845; x_wconf 78' lang='lat' dir='ltr'><strong>barbare</strong></span> <span class='ocrx_word' id='word_1_237' title='bbox 365 1810 463 1854; x_wconf 89' lang='lat' dir='ltr'><strong>loqui</strong></span> <span class='ocrx_word' id='word_1_238' title='bbox 501 1827 544 1839; x_wconf 95' lang='lat'><strong><em>=</em></strong></span> <span class='ocrx_word' id='word_1_239' title='bbox 582 1811 772 1855; x_wconf 85' lang='lat' dir='ltr'><strong>inquinate</strong></span> 
     </span>
     <span class='ocr_line' id='line_1_36' title="bbox 33 1856 623 1902; baseline -0.003 -9"><span class='ocrx_word' id='word_1_240' title='bbox 33 1858 145 1902; x_wconf 81' lang='lat' dir='ltr'><strong>loqui,</strong></span> <span class='ocrx_word' id='word_1_241' title='bbox 173 1856 433 1902; x_wconf 82' lang='lat' dir='ltr'><strong>Sprachfehler</strong></span> <span class='ocrx_word' id='word_1_242' title='bbox 457 1858 623 1892; x_wconf 79' lang='lat' dir='ltr'><strong>macheu.</strong></span> 
     </span>
    </p>

    <p class='ocr_par' dir='ltr' id='par_1_25' title="bbox 31 1903 773 2325">
     <span class='ocr_line' id='line_1_37' title="bbox 80 1903 773 1939; baseline 0 0"><span class='ocrx_word' id='word_1_243' title='bbox 80 1905 244 1939; x_wconf 83' lang='lat' dir='ltr'><strong>absurde.</strong></span> <span class='ocrx_word' id='word_1_244' title='bbox 294 1903 350 1938; x_wconf 85' lang='lat' dir='ltr'><strong>Da</strong></span> <span class='ocrx_word' id='word_1_245' title='bbox 382 1904 447 1938; x_wconf 80' lang='lat' dir='ltr'><strong>das</strong></span> <span class='ocrx_word' id='word_1_246' title='bbox 473 1904 580 1939; x_wconf 70' lang='lat' dir='ltr'><strong>Wort&#39;,</strong></span> <span class='ocrx_word' id='word_1_247' title='bbox 605 1915 677 1939; x_wconf 89' lang='lat' dir='ltr'><strong>von</strong></span> <span class='ocrx_word' id='word_1_248' title='bbox 708 1905 773 1939; x_wconf 85' lang='lat' dir='ltr'><strong>der</strong></span> 
     </span>
     <span class='ocr_line' id='line_1_38' title="bbox 33 1951 771 1994; baseline 0 -8"><span class='ocrx_word' id='word_1_249' title='bbox 33 1951 180 1986; x_wconf 88' lang='lat' dir='ltr'><strong>Wurze]</strong></span> <span class='ocrx_word' id='word_1_250' title='bbox 197 1951 417 1994; x_wconf 71' lang='lat' dir='ltr'><strong>herkommt,</strong></span> <span class='ocrx_word' id='word_1_251' title='bbox 432 1951 571 1986; x_wconf 86' lang='lat' dir='ltr'><strong>welche</strong></span> <span class='ocrx_word' id='word_1_252' title='bbox 586 1951 663 1986; x_wconf 87' lang='lat' dir='ltr'><strong>sich</strong></span> <span class='ocrx_word' id='word_1_253' title='bbox 677 1952 771 1987; x_wconf 84' lang='lat' dir='ltr'><strong>auch</strong></span> 
     </span>
     <span class='ocr_line' id='line_1_39' title="bbox 32 1998 773 2042; baseline 0.001 -9"><span class='ocrx_word' id='word_1_254' title='bbox 32 1998 72 2033; x_wconf 89' lang='lat' dir='ltr'><strong>in</strong></span> <span class='ocrx_word' id='word_1_255' title='bbox 95 2009 140 2033; x_wconf 85' lang='lat' dir='ltr'><strong>su</strong></span> <span class='ocrx_word' id='word_1_256' title='bbox 166 2019 208 2023; x_wconf 92' lang='lat'>—</span> <span class='ocrx_word' id='word_1_257' title='bbox 234 2009 362 2033; x_wconf 80' lang='lat' dir='ltr'><strong>surrus</strong></span> <span class='ocrx_word' id='word_1_258' title='bbox 393 1998 467 2032; x_wconf 86' lang='lat' dir='ltr'><strong>und</strong></span> <span class='ocrx_word' id='word_1_259' title='bbox 499 1999 625 2042; x_wconf 78' lang='grc' dir='ltr'><em>σῦριγξ</em></span> <span class='ocrx_word' id='word_1_260' title='bbox 658 1999 773 2034; x_wconf 76' lang='lat' dir='ltr'><strong>findet</strong></span> 
     </span>
     <span class='ocr_line' id='line_1_40' title="bbox 33 2045 770 2088; baseline 0 -8"><span class='ocrx_word' id='word_1_261' title='bbox 33 2045 109 2080; x_wconf 82' lang='lat' dir='ltr'><strong>und.</strong></span> <span class='ocrx_word' id='word_1_262' title='bbox 143 2045 284 2080; x_wconf 60' lang='lat' dir='ltr'><strong>‘honen&#39;</strong></span> <span class='ocrx_word' id='word_1_263' title='bbox 324 2045 513 2088; x_wconf 73' lang='lat' dir='ltr'><strong>bedentet,</strong></span> <span class='ocrx_word' id='word_1_264' title='bbox 552 2045 600 2080; x_wconf 73' lang='lat' dir='ltr'><strong>ist,</strong></span> <span class='ocrx_word' id='word_1_265' title='bbox 637 2057 674 2080; x_wconf 81' lang='lat' dir='ltr'><strong>es</strong></span> <span class='ocrx_word' id='word_1_266' title='bbox 712 2058 770 2080; x_wconf 91' lang='lat' dir='ltr'><strong>ur-</strong></span> 
     </span>
     <span class='ocr_line' id='line_1_41' title="bbox 34 2092 769 2138; baseline 0 -11"><span class='ocrx_word' id='word_1_267' title='bbox 34 2092 251 2138; x_wconf 81' lang='lat' dir='ltr'><strong>spriinglich</strong></span> <span class='ocrx_word' id='word_1_268' title='bbox 282 2109 325 2121; x_wconf 93' lang='lat'>=</span> <span class='ocrx_word' id='word_1_269' title='bbox 361 2093 526 2127; x_wconf 86' lang='lat' dir='ltr'><strong>absonus.</strong></span> <span class='ocrx_word' id='word_1_270' title='bbox 578 2093 623 2127; x_wconf 87' lang='lat' dir='ltr'><strong>de</strong></span> <span class='ocrx_word' id='word_1_271' title='bbox 656 2093 728 2129; x_wconf 84' lang='lat' dir='ltr'><strong>div.</strong></span> <span class='ocrx_word' id='word_1_272' title='bbox 754 2093 769 2127; x_wconf 99' lang='grc' dir='ltr'>Ι</span> 
     </span>
     <span class='ocr_line' id='line_1_42' title="bbox 31 2140 773 2184; baseline 0 -10"><span class='ocrx_word' id='word_1_273' title='bbox 31 2143 74 2183; x_wconf 86' lang='grc'><strong>’9,</strong></span> <span class='ocrx_word' id='word_1_274' title='bbox 114 2143 155 2174; x_wconf 84' lang='grc'><strong>15</strong></span> <span class='ocrx_word' id='word_1_275' title='bbox 200 2140 423 2184; x_wconf 81' lang='lat' dir='ltr'><strong>absurdoque</strong></span> <span class='ocrx_word' id='word_1_276' title='bbox 466 2150 552 2175; x_wconf 88' lang='lat' dir='ltr'><strong>sono</strong></span> <span class='ocrx_word' id='word_1_277' title='bbox 588 2141 704 2182; x_wconf 82' lang='lat' dir='ltr'><strong>fontes</strong></span> <span class='ocrx_word' id='word_1_278' title='bbox 742 2144 773 2175; x_wconf 88' lang='lat' dir='ltr'><strong>et</strong></span> 
     </span>
     <span class='ocr_line' id='line_1_43' title="bbox 33 2187 770 2231; baseline 0.001 -10"><span class='ocrx_word' id='word_1_279' title='bbox 33 2190 166 2231; x_wconf 77' lang='lat' dir='ltr'><strong>stayna</strong></span> <span class='ocrx_word' id='word_1_280' title='bbox 202 2187 311 2222; x_wconf 80' lang='lat' dir='ltr'><strong>eietis.</strong></span> <span class='ocrx_word' id='word_1_281' title='bbox 371 2187 416 2222; x_wconf 89' lang='lat' dir='ltr'><strong>de</strong></span> <span class='ocrx_word' id='word_1_282' title='bbox 454 2198 504 2222; x_wconf 88' lang='lat' dir='ltr'><strong>or.</strong></span> <span class='ocrx_word' id='word_1_283' title='bbox 537 2187 589 2221; x_wconf 90' lang='grc' dir='ltr'><strong>ΙΙΙ</strong></span> <span class='ocrx_word' id='word_1_284' title='bbox 629 2191 689 2231; x_wconf 84' lang='lat'><strong>11,</strong></span> <span class='ocrx_word' id='word_1_285' title='bbox 728 2191 770 2222; x_wconf 84' lang='lat'><strong>41</strong></span> 
     </span>
     <span class='ocr_line' id='line_1_44' title="bbox 35 2234 773 2278; baseline 0 -10"><span class='ocrx_word' id='word_1_286' title='bbox 35 2234 152 2269; x_wconf 85' lang='lat' dir='ltr'><strong>mollis</strong></span> <span class='ocrx_word' id='word_1_287' title='bbox 177 2244 245 2268; x_wconf 73' lang='lat' dir='ltr'><strong>voa:</strong></span> <span class='ocrx_word' id='word_1_288' title='bbox 271 2236 336 2268; x_wconf 87' lang='lat' dir='ltr'><strong>aut</strong></span> <span class='ocrx_word' id='word_1_289' title='bbox 360 2234 544 2269; x_wconf 84' lang='lat' dir='ltr'><strong>muliebris</strong></span> <span class='ocrx_word' id='word_1_290' title='bbox 575 2238 640 2268; x_wconf 89' lang='lat' dir='ltr'><strong>aut</strong></span> <span class='ocrx_word' id='word_1_291' title='bbox 669 2235 773 2278; x_wconf 86' lang='lat' dir='ltr'><strong>quasi</strong></span> 
     </span>
     <span class='ocr_line' id='line_1_45' title="bbox 37 2281 771 2325; baseline 0.001 -10"><span class='ocrx_word' id='word_1_292' title='bbox 37 2284 141 2315; x_wconf 68' lang='lat' dir='ltr'><strong>entra</strong></span> <span class='ocrx_word' id='word_1_293' title='bbox 160 2281 303 2315; x_wconf 86' lang='lat' dir='ltr'><strong>modum</strong></span> <span class='ocrx_word' id='word_1_294' title='bbox 321 2281 457 2315; x_wconf 82' lang='lat' dir='ltr'><strong>absona</strong></span> <span class='ocrx_word' id='word_1_295' title='bbox 476 2285 581 2325; x_wconf 83' lang='lat' dir='ltr'><strong>atque</strong></span> <span class='ocrx_word' id='word_1_296' title='bbox 602 2282 771 2316; x_wconf 81' lang='lat' dir='ltr'><strong>absurda.</strong></span> 
     </span>
    </p>

    <p class='ocr_par' dir='ltr' id='par_1_26' title="bbox 32 2327 774 2840">
     <span class='ocr_line' id='line_1_46' title="bbox 83 2327 773 2372; baseline 0.001 -10"><span class='ocrx_word' id='word_1_297' title='bbox 83 2327 176 2372; x_wconf 83' lang='lat' dir='ltr'><strong>Kap.</strong></span> <span class='ocrx_word' id='word_1_298' title='bbox 204 2327 240 2362; x_wconf 81' lang='lat'><strong>5.</strong></span> <span class='ocrx_word' id='word_1_299' title='bbox 282 2327 385 2372; x_wconf 75' lang='lat' dir='ltr'><strong>Quod</strong></span> <span class='ocrx_word' id='word_1_300' title='bbox 410 2331 459 2362; x_wconf 85' lang='lat' dir='ltr'><strong>est</strong></span> <span class='ocrx_word' id='word_1_301' title='bbox 483 2329 576 2362; x_wconf 87' lang='lat' dir='ltr'><strong>enim</strong></span> <span class='ocrx_word' id='word_1_302' title='bbox 602 2330 687 2363; x_wconf 55' lang='lat' dir='ltr'><strong>oet:</strong></span> <span class='ocrx_word' id='word_1_303' title='bbox 715 2328 773 2363; x_wconf 89' lang='lat' dir='ltr'><strong>ein</strong></span> 
     </span>
     <span class='ocr_line' id='line_1_47' title="bbox 35 2373 772 2419; baseline 0.001 -10"><span class='ocrx_word' id='word_1_304' title='bbox 35 2373 95 2409; x_wconf 86' lang='lat' dir='ltr'><strong>bei</strong></span> <span class='ocrx_word' id='word_1_305' title='bbox 115 2374 187 2409; x_wconf 87' lang='lat' dir='ltr'><strong>den</strong></span> <span class='ocrx_word' id='word_1_306' title='bbox 206 2374 365 2409; x_wconf 75' lang='lat' dir='ltr'><strong>Romern</strong></span> <span class='ocrx_word' id='word_1_307' title='bbox 386 2375 511 2419; x_wconf 70' lang='lat' dir='ltr'><strong>hiiufig</strong></span> <span class='ocrx_word' id='word_1_308' title='bbox 530 2375 772 2419; x_wconf 79' lang='lat' dir='ltr'><strong>vorgebrach-</strong></span> 
     </span>
     <span class='ocr_line' id='line_1_48' title="bbox 35 2421 773 2465; baseline 0.003 -9"><span class='ocrx_word' id='word_1_309' title='bbox 35 2423 92 2456; x_wconf 72' lang='lat' dir='ltr'><strong>ter</strong></span> <span class='ocrx_word' id='word_1_310' title='bbox 117 2421 290 2465; x_wconf 88' lang='lat' dir='ltr'><strong>Einwurf,</strong></span> <span class='ocrx_word' id='word_1_311' title='bbox 317 2421 446 2456; x_wconf 81' lang='lat' dir='ltr'><strong>dessen</strong></span> <span class='ocrx_word' id='word_1_312' title='bbox 471 2422 550 2457; x_wconf 85' lang='lat' dir='ltr'><strong>sich</strong></span> <span class='ocrx_word' id='word_1_313' title='bbox 575 2423 670 2457; x_wconf 87' lang='lat' dir='ltr'><strong>auch</strong></span> <span class='ocrx_word' id='word_1_314' title='bbox 688 2422 773 2458; x_wconf 89' lang='lat' dir='ltr'><strong>Cor-</strong></span> 
     </span>
     <span class='ocr_line' id='line_1_49' title="bbox 35 2467 774 2514; baseline 0.001 -11"><span class='ocrx_word' id='word_1_315' title='bbox 35 2467 154 2503; x_wconf 84' lang='lat' dir='ltr'><strong>nelius</strong></span> <span class='ocrx_word' id='word_1_316' title='bbox 180 2467 305 2513; x_wconf 83' lang='lat' dir='ltr'><strong>Nepos</strong></span> <span class='ocrx_word' id='word_1_317' title='bbox 326 2467 452 2503; x_wconf 82' lang='lat' dir='ltr'><strong>Cicero</strong></span> <span class='ocrx_word' id='word_1_318' title='bbox 478 2469 689 2514; x_wconf 84' lang='lat' dir='ltr'><strong>gegeniiber</strong></span> <span class='ocrx_word' id='word_1_319' title='bbox 715 2470 774 2504; x_wconf 88' lang='lat' dir='ltr'><strong>be-</strong></span> 
     </span>
     <span class='ocr_line' id='line_1_50' title="bbox 32 2514 772 2560; baseline 0.003 -11"><span class='ocrx_word' id='word_1_320' title='bbox 32 2514 177 2558; x_wconf 72' lang='lat' dir='ltr'><strong>diente‚</strong></span> <span class='ocrx_word' id='word_1_321' title='bbox 211 2515 273 2550; x_wconf 89' lang='lat' dir='ltr'><strong>bei</strong></span> <span class='ocrx_word' id='word_1_322' title='bbox 304 2515 405 2550; x_wconf 75' lang='lat' dir='ltr'><strong>Lact.</strong></span> <span class='ocrx_word' id='word_1_323' title='bbox 432 2516 516 2551; x_wconf 75' lang='lat' dir='ltr'><strong>inst.</strong></span> <span class='ocrx_word' id='word_1_324' title='bbox 542 2516 614 2550; x_wconf 85' lang='lat' dir='ltr'><strong>div.</strong></span> <span class='ocrx_word' id='word_1_325' title='bbox 642 2517 692 2552; x_wconf 92' lang='lat' dir='ltr'><strong>III</strong></span> <span class='ocrx_word' id='word_1_326' title='bbox 720 2521 772 2560; x_wconf 88' lang='lat'><strong>15,</strong></span> 
     </span>
     <span class='ocr_line' id='line_1_51' title="bbox 40 2561 773 2608; baseline 0.003 -12"><span class='ocrx_word' id='word_1_327' title='bbox 40 2565 83 2596; x_wconf 89' lang='lat'><strong>10</strong></span> <span class='ocrx_word' id='word_1_328' title='bbox 113 2561 268 2597; x_wconf 83' lang='lat' dir='ltr'><strong>Tantum</strong></span> <span class='ocrx_word' id='word_1_329' title='bbox 291 2563 399 2605; x_wconf 81' lang='lat' dir='ltr'><strong>abest,</strong></span> <span class='ocrx_word' id='word_1_330' title='bbox 426 2566 466 2597; x_wconf 87' lang='lat' dir='ltr'><strong>ut</strong></span> <span class='ocrx_word' id='word_1_331' title='bbox 485 2574 545 2607; x_wconf 73' lang='lat' dir='ltr'><strong>eqo</strong></span> <span class='ocrx_word' id='word_1_332' title='bbox 564 2564 773 2608; x_wconf 59' lang='lat' dir='ltr'><strong>magistram</strong></span> 
     </span>
     <span class='ocr_line' id='line_1_52' title="bbox 37 2610 772 2664; baseline 0.004 -21"><span class='ocrx_word' id='word_1_333' title='bbox 37 2618 108 2644; x_wconf 80' lang='lat' dir='ltr'><strong>esse</strong></span> <span class='ocrx_word' id='word_1_334' title='bbox 134 2612 257 2653; x_wconf 80' lang='lat' dir='ltr'><strong>putem</strong></span> <span class='ocrx_word' id='word_1_335' title='bbox 288 2610 383 2644; x_wconf 83' lang='lat' dir='ltr'><strong>vitae</strong></span> <span class='ocrx_word' id='word_1_336' title='bbox 401 2610 668 2664; x_wconf 77' lang='lat' dir='ltr'><strong>philosophiam</strong></span> <span class='ocrx_word' id='word_1_337' title='bbox 694 2612 772 2646; x_wconf 84' lang='lat' dir='ltr'><strong>bea-</strong></span> 
     </span>
     <span class='ocr_line' id='line_1_53' title="bbox 35 2657 774 2709; baseline 0.004 -19"><span class='ocrx_word' id='word_1_338' title='bbox 35 2657 161 2709; x_wconf 70' lang='lat' dir='ltr'><strong>tueque</strong></span> <span class='ocrx_word' id='word_1_339' title='bbox 183 2657 278 2691; x_wconf 85' lang='lat' dir='ltr'><strong>vitae</strong></span> <span class='ocrx_word' id='word_1_340' title='bbox 301 2657 560 2700; x_wconf 66' lang='lat' dir='ltr'><strong>per-feewieem,</strong></span> <span class='ocrx_word' id='word_1_341' title='bbox 590 2661 631 2692; x_wconf 88' lang='lat' dir='ltr'><strong>ut</strong></span> <span class='ocrx_word' id='word_1_342' title='bbox 661 2659 774 2693; x_wconf 79' lang='lat' dir='ltr'><strong>nullis</strong></span> 
     </span>
     <span class='ocr_line' id='line_1_54' title="bbox 36 2703 774 2759; baseline 0.005 -23"><span class='ocrx_word' id='word_1_343' title='bbox 36 2703 153 2747; x_wconf 75' lang='lat' dir='ltr'><strong>mayis</strong></span> <span class='ocrx_word' id='word_1_344' title='bbox 175 2704 370 2739; x_wconf 78' lang='lat' dir='ltr'><strong>existimem</strong></span> <span class='ocrx_word' id='word_1_345' title='bbox 388 2715 479 2748; x_wconf 82' lang='lat' dir='ltr'><strong>opus</strong></span> <span class='ocrx_word' id='word_1_346' title='bbox 497 2715 567 2740; x_wconf 81' lang='lat' dir='ltr'><strong>esse</strong></span> <span class='ocrx_word' id='word_1_347' title='bbox 584 2706 774 2759; x_wconf 69' lang='lat' dir='ltr'><strong>itzayistros</strong></span> 
     </span>
     <span class='ocr_line' id='line_1_55' title="bbox 39 2749 773 2796; baseline 0.005 -13"><span class='ocrx_word' id='word_1_348' title='bbox 39 2749 198 2792; x_wconf 78' lang='lat' dir='ltr'><strong>vivendi,</strong></span> <span class='ocrx_word' id='word_1_349' title='bbox 229 2762 336 2794; x_wconf 88' lang='lat' dir='ltr'><strong>quam</strong></span> <span class='ocrx_word' id='word_1_350' title='bbox 362 2752 458 2795; x_wconf 69' lang='lat' dir='ltr'><strong>ple)</strong></span> <span class='ocrx_word' id='word_1_351' title='bbox 444 2762 544 2796; x_wconf 79' lang='lat' dir='ltr'><strong>isque</strong></span> <span class='ocrx_word' id='word_1_352' title='bbox 573 2753 637 2796; x_wconf 86' lang='lat' dir='ltr'><strong>qui</strong></span> <span class='ocrx_word' id='word_1_353' title='bbox 667 2753 708 2786; x_wconf 87' lang='lat' dir='ltr'><strong>in</strong></span> <span class='ocrx_word' id='word_1_354' title='bbox 733 2763 773 2787; x_wconf 88' lang='lat' dir='ltr'><strong>ea</strong></span> 
     </span>
     <span class='ocr_line' id='line_1_56' title="bbox 38 2795 774 2840; baseline 0.004 -9"><span class='ocrx_word' id='word_1_355' title='bbox 38 2795 263 2840; x_wconf 73' lang='lat' dir='ltr'><strong>disputanda</strong></span> <span class='ocrx_word' id='word_1_356' title='bbox 287 2802 487 2833; x_wconf 74' lang='lat' dir='ltr'><strong>versantur.</strong></span> <span class='ocrx_word' id='word_1_357' title='bbox 545 2799 654 2834; x_wconf 82' lang='lat' dir='ltr'><strong>Video</strong></span> <span class='ocrx_word' id='word_1_358' title='bbox 680 2800 774 2834; x_wconf 80' lang='lat' dir='ltr'><strong>enim</strong></span> 
     </span>
    </p>
   </div>
   <div class='ocr_carea' id='block_1_24' title="bbox 38 2847 773 2890">
    <p class='ocr_par' dir='ltr' id='par_1_27' title="bbox 38 2847 773 2890">
     <span class='ocr_line' id='line_1_57' title="bbox 38 2847 773 2890; baseline 0.007 -14"><span class='ocrx_word' id='word_1_359' title='bbox 38 2853 207 2887; x_wconf 75' lang='lat' dir='ltr'><strong>maynam</strong></span> <span class='ocrx_word' id='word_1_360' title='bbox 251 2848 392 2888; x_wconf 78' lang='lat' dir='ltr'><strong>partem</strong></span> <span class='ocrx_word' id='word_1_361' title='bbox 440 2857 578 2889; x_wconf 81' lang='lat' dir='ltr'><strong>eorum,</strong></span> <span class='ocrx_word' id='word_1_362' title='bbox 628 2847 692 2890; x_wconf 81' lang='lat' dir='ltr'><strong>qui</strong></span> <span class='ocrx_word' id='word_1_363' title='bbox 733 2847 773 2881; x_wconf 85' lang='lat' dir='ltr'><strong>in</strong></span> 
     </span>
    </p>
   </div>
   <div class='ocr_carea' id='block_1_25' title="bbox 842 1670 1586 2890">
    <p class='ocr_par' dir='ltr' id='par_1_28' title="bbox 842 1670 1586 2890">
     <span class='ocr_line' id='line_1_58' title="bbox 842 1670 1582 1714; baseline 0 -10"><span class='ocrx_word' id='word_1_364' title='bbox 842 1671 962 1705; x_wconf 84' lang='lat' dir='ltr'><strong>schola</strong></span> <span class='ocrx_word' id='word_1_365' title='bbox 981 1671 1023 1704; x_wconf 89' lang='lat' dir='ltr'><strong>de</strong></span> <span class='ocrx_word' id='word_1_366' title='bbox 1039 1670 1178 1714; x_wconf 79' lang='lat' dir='ltr'><strong>pudore</strong></span> <span class='ocrx_word' id='word_1_367' title='bbox 1191 1672 1223 1704; x_wconf 89' lang='lat' dir='ltr'><strong>et</strong></span> <span class='ocrx_word' id='word_1_368' title='bbox 1237 1670 1459 1704; x_wconf 69' lang='lat' dir='ltr'><strong>continentia</strong></span> <span class='ocrx_word' id='word_1_369' title='bbox 1478 1680 1582 1713; x_wconf 78' lang='lat' dir='ltr'><strong>prae-</strong></span> 
     </span>
     <span class='ocr_line' id='line_1_59' title="bbox 843 1717 1582 1761; baseline -0.003 -9"><span class='ocrx_word' id='word_1_370' title='bbox 843 1718 984 1761; x_wconf 82' lang='lat' dir='ltr'><strong>cipiant</strong></span> <span class='ocrx_word' id='word_1_371' title='bbox 1008 1717 1252 1761; x_wconf 76' lang='lat' dir='ltr'><strong>aryutissime,</strong></span> <span class='ocrx_word' id='word_1_372' title='bbox 1287 1717 1421 1751; x_wconf 86' lang='lat' dir='ltr'><strong>eosdem</strong></span> <span class='ocrx_word' id='word_1_373' title='bbox 1446 1717 1487 1750; x_wconf 91' lang='lat' dir='ltr'><strong>in</strong></span> <span class='ocrx_word' id='word_1_374' title='bbox 1512 1727 1582 1751; x_wconf 88' lang='lat' dir='ltr'><strong>om·</strong></span> 
     </span>
     <span class='ocr_line' id='line_1_60' title="bbox 843 1764 1582 1807; baseline 0 -10"><span class='ocrx_word' id='word_1_375' title='bbox 843 1765 945 1798; x_wconf 84' lang='lat' dir='ltr'><strong>nium</strong></span> <span class='ocrx_word' id='word_1_376' title='bbox 965 1765 1160 1799; x_wconf 78' lang='lat' dir='ltr'><strong>libidinum</strong></span> <span class='ocrx_word' id='word_1_377' title='bbox 1174 1764 1438 1807; x_wconf 79' lang='lat' dir='ltr'><strong>cupiditatibus</strong></span> <span class='ocrx_word' id='word_1_378' title='bbox 1456 1764 1582 1798; x_wconf 77' lang='lat' dir='ltr'><strong>vivere.</strong></span> 
     </span>
     <span class='ocr_line' id='line_1_61' title="bbox 893 1810 1583 1847; baseline -0.001 -2"><span class='ocrx_word' id='word_1_379' title='bbox 893 1815 946 1847; x_wconf 88' lang='lat'><strong>13.</strong></span> <span class='ocrx_word' id='word_1_380' title='bbox 976 1811 1133 1845; x_wconf 80' lang='lat' dir='ltr'><strong>Probae:</strong></span> <span class='ocrx_word' id='word_1_381' title='bbox 1162 1811 1235 1845; x_wconf 82' lang='lat' dir='ltr'><strong>Aus</strong></span> <span class='ocrx_word' id='word_1_382' title='bbox 1262 1811 1346 1845; x_wconf 89' lang='lat' dir='ltr'><strong>dem</strong></span> <span class='ocrx_word' id='word_1_383' title='bbox 1367 1812 1499 1845; x_wconf 75' lang='lat' dir='ltr'><strong>Atreus</strong></span> <span class='ocrx_word' id='word_1_384' title='bbox 1520 1810 1583 1845; x_wconf 82' lang='lat' dir='ltr'><strong>des</strong></span> 
     </span>
     <span class='ocr_line' id='line_1_62' title="bbox 843 1857 1583 1902; baseline 0.001 -10"><span class='ocrx_word' id='word_1_385' title='bbox 843 1858 986 1893; x_wconf 85' lang='lat' dir='ltr'><strong>Accius.</strong></span> <span class='ocrx_word' id='word_1_386' title='bbox 1002 1857 1037 1894; x_wconf 83' lang='lat' dir='ltr'><strong>S.</strong></span> <span class='ocrx_word' id='word_1_387' title='bbox 1054 1857 1175 1893; x_wconf 85' lang='lat' dir='ltr'><strong>Schol.</strong></span> <span class='ocrx_word' id='word_1_388' title='bbox 1193 1857 1354 1902; x_wconf 86' lang='lat' dir='ltr'><strong>querg.</strong></span> <span class='ocrx_word' id='word_1_389' title='bbox 1372 1857 1504 1901; x_wconf 82' lang='lat' dir='ltr'><strong>Georg.</strong></span> <span class='ocrx_word' id='word_1_390' title='bbox 1520 1857 1536 1890; x_wconf 94' lang='grc' dir='ltr'>Ι</span> <span class='ocrx_word' id='word_1_391' title='bbox 1553 1862 1583 1893; x_wconf 90' lang='grc'><strong>1.</strong></span> 
     </span>
     <span class='ocr_line' id='line_1_63' title="bbox 891 1904 1583 1950; baseline -0.004 -10"><span class='ocrx_word' id='word_1_392' title='bbox 891 1906 932 1940; x_wconf 88' lang='lat' dir='ltr'><strong>in</strong></span> <span class='ocrx_word' id='word_1_393' title='bbox 962 1909 1107 1950; x_wconf 64' lang='lat' dir='ltr'><strong>segetem</strong></span> <span class='ocrx_word' id='word_1_394' title='bbox 1139 1925 1182 1930; x_wconf 92' lang='lat'><strong>—-</strong></span> <span class='ocrx_word' id='word_1_395' title='bbox 1214 1905 1339 1940; x_wconf 86' lang='lat' dir='ltr'><strong>datae:</strong></span> <span class='ocrx_word' id='word_1_396' title='bbox 1372 1904 1450 1940; x_wconf 80' lang='lat' dir='ltr'><strong>Cat.</strong></span> <span class='ocrx_word' id='word_1_397' title='bbox 1479 1905 1523 1939; x_wconf 90' lang='lat' dir='ltr'><strong>de</strong></span> <span class='ocrx_word' id='word_1_398' title='bbox 1555 1916 1583 1938; x_wconf 91' lang='lat' dir='ltr'><strong>r.</strong></span> 
     </span>
     <span class='ocr_line' id='line_1_64' title="bbox 844 1952 1584 1997; baseline -0.001 -10"><span class='ocrx_word' id='word_1_399' title='bbox 844 1954 932 1987; x_wconf 72' lang='lat' dir='ltr'><strong>rusb.</strong></span> <span class='ocrx_word' id='word_1_400' title='bbox 960 1956 1003 1987; x_wconf 82' lang='lat'><strong>37</strong></span> <span class='ocrx_word' id='word_1_401' title='bbox 1036 1953 1178 1987; x_wconf 82' lang='lat' dir='ltr'><strong>nucleos</strong></span> <span class='ocrx_word' id='word_1_402' title='bbox 1209 1953 1249 1986; x_wconf 87' lang='lat' dir='ltr'><strong>in</strong></span> <span class='ocrx_word' id='word_1_403' title='bbox 1279 1955 1423 1997; x_wconf 73' lang='lat' dir='ltr'><strong>seyetem</strong></span> <span class='ocrx_word' id='word_1_404' title='bbox 1452 1963 1497 1986; x_wconf 90' lang='lat' dir='ltr'><strong>ne</strong></span> <span class='ocrx_word' id='word_1_405' title='bbox 1527 1952 1584 1986; x_wconf 91' lang='lat' dir='ltr'><strong>in-</strong></span> 
     </span>
     <span class='ocr_line' id='line_1_65' title="bbox 844 1999 1585 2035; baseline -0.003 0"><span class='ocrx_word' id='word_1_406' title='bbox 844 2000 989 2035; x_wconf 80' lang='lat' dir='ltr'><strong>dideris,</strong></span> <span class='ocrx_word' id='word_1_407' title='bbox 1035 1999 1086 2034; x_wconf 91' lang='lat' dir='ltr'><strong>Ib.</strong></span> <span class='ocrx_word' id='word_1_408' title='bbox 1115 2003 1158 2033; x_wconf 85' lang='grc'><strong>36</strong></span> <span class='ocrx_word' id='word_1_409' title='bbox 1185 2002 1318 2034; x_wconf 77' lang='lat' dir='ltr'><strong>stereus</strong></span> <span class='ocrx_word' id='word_1_410' title='bbox 1344 1999 1585 2034; x_wconf 82' lang='lat' dir='ltr'><strong>columbinum</strong></span> 
     </span>
     <span class='ocr_line' id='line_1_66' title="bbox 844 2047 1585 2091; baseline -0.001 -10"><span class='ocrx_word' id='word_1_411' title='bbox 844 2057 1012 2091; x_wconf 65' lang='lat' dir='ltr'><strong>spargyere</strong></span> <span class='ocrx_word' id='word_1_412' title='bbox 1043 2050 1178 2090; x_wconf 75' lang='lat' dir='ltr'><strong>oportet</strong></span> <span class='ocrx_word' id='word_1_413' title='bbox 1211 2047 1253 2080; x_wconf 90' lang='lat' dir='ltr'><strong>in</strong></span> <span class='ocrx_word' id='word_1_414' title='bbox 1277 2050 1431 2090; x_wconf 73' lang='lat' dir='ltr'><strong>pratum</strong></span> <span class='ocrx_word' id='word_1_415' title='bbox 1461 2047 1514 2081; x_wconf 78' lang='lat' dir='ltr'><strong>vel</strong></span> <span class='ocrx_word' id='word_1_416' title='bbox 1544 2047 1585 2080; x_wconf 82' lang='lat' dir='ltr'><strong>in</strong></span> 
     </span>
     <span class='ocr_line' id='line_1_67' title="bbox 844 2093 1584 2138; baseline 0 -10"><span class='ocrx_word' id='word_1_417' title='bbox 844 2095 986 2129; x_wconf 81' lang='lat' dir='ltr'><strong>hortum</strong></span> <span class='ocrx_word' id='word_1_418' title='bbox 1022 2094 1076 2128; x_wconf 84' lang='lat' dir='ltr'><strong>vel</strong></span> <span class='ocrx_word' id='word_1_419' title='bbox 1112 2094 1153 2128; x_wconf 89' lang='lat' dir='ltr'><strong>in</strong></span> <span class='ocrx_word' id='word_1_420' title='bbox 1189 2097 1343 2138; x_wconf 74' lang='lat' dir='ltr'><strong>seyetem.</strong></span> <span class='ocrx_word' id='word_1_421' title='bbox 1393 2104 1487 2138; x_wconf 61' lang='lat' dir='ltr'><strong>seges</strong></span> <span class='ocrx_word' id='word_1_422' title='bbox 1523 2093 1584 2128; x_wconf 92' lang='lat' dir='ltr'><strong>be·</strong></span> 
     </span>
     <span class='ocr_line' id='line_1_68' title="bbox 845 2140 1584 2176; baseline -0.001 0"><span class='ocrx_word' id='word_1_423' title='bbox 845 2141 1012 2176; x_wconf 78' lang='lat' dir='ltr'><strong>zeichnet</strong></span> <span class='ocrx_word' id='word_1_424' title='bbox 1044 2140 1123 2174; x_wconf 86' lang='lat' dir='ltr'><strong>hier</strong></span> <span class='ocrx_word' id='word_1_425' title='bbox 1149 2141 1220 2175; x_wconf 88' lang='lat' dir='ltr'><strong>den</strong></span> <span class='ocrx_word' id='word_1_426' title='bbox 1245 2153 1327 2174; x_wconf 90' lang='lat' dir='ltr'><strong>zum</strong></span> <span class='ocrx_word' id='word_1_427' title='bbox 1352 2141 1493 2175; x_wconf 37' lang='lat' dir='ltr'><strong>Bet-{aen</strong></span> <span class='ocrx_word' id='word_1_428' title='bbox 1520 2140 1584 2175; x_wconf 86' lang='lat' dir='ltr'><strong>be-</strong></span> 
     </span>
     <span class='ocr_line' id='line_1_69' title="bbox 846 2187 1585 2231; baseline -0.001 -9"><span class='ocrx_word' id='word_1_429' title='bbox 846 2187 1035 2223; x_wconf 71' lang='lat' dir='ltr'><strong>stimmten</strong></span> <span class='ocrx_word' id='word_1_430' title='bbox 1049 2187 1181 2230; x_wconf 84' lang='lat' dir='ltr'><strong>Acker,</strong></span> <span class='ocrx_word' id='word_1_431' title='bbox 1200 2188 1322 2231; x_wconf 69' lang='lat' dir='ltr'><strong>fruyes</strong></span> <span class='ocrx_word' id='word_1_432' title='bbox 1343 2187 1401 2222; x_wconf 81' lang='lat' dir='ltr'><strong>dje</strong></span> <span class='ocrx_word' id='word_1_433' title='bbox 1415 2188 1585 2222; x_wconf 70' lang='lat' dir='ltr'><strong>Aussaat.</strong></span> 
     </span>
     <span class='ocr_line' id='line_1_70' title="bbox 895 2234 1586 2279; baseline -0.001 -10"><span class='ocrx_word' id='word_1_434' title='bbox 895 2239 947 2269; x_wconf 88' lang='lat'><strong>14.</strong></span> <span class='ocrx_word' id='word_1_435' title='bbox 986 2236 1025 2269; x_wconf 90' lang='lat' dir='ltr'><strong>id</strong></span> <span class='ocrx_word' id='word_1_436' title='bbox 1059 2235 1176 2269; x_wconf 80' lang='lat' dir='ltr'><strong>dicere</strong></span> <span class='ocrx_word' id='word_1_437' title='bbox 1212 2235 1389 2279; x_wconf 79' lang='lat' dir='ltr'><strong>equidem:</strong></span> <span class='ocrx_word' id='word_1_438' title='bbox 1426 2234 1586 2279; x_wconf 85' lang='lat' dir='ltr'><strong>equidem</strong></span> 
     </span>
     <span class='ocr_line' id='line_1_71' title="bbox 846 2281 1586 2326; baseline 0 -10"><span class='ocrx_word' id='word_1_439' title='bbox 846 2282 925 2316; x_wconf 84' lang='lat' dir='ltr'><strong>hier</strong></span> <span class='ocrx_word' id='word_1_440' title='bbox 953 2281 1146 2316; x_wconf 81' lang='lat' dir='ltr'><strong>koncessiv</strong></span> <span class='ocrx_word' id='word_1_441' title='bbox 1166 2282 1370 2326; x_wconf 71' lang='lat' dir='ltr'><strong>gebraucht</strong></span> <span class='ocrx_word' id='word_1_442' title='bbox 1390 2281 1457 2316; x_wconf 80' lang='lat' dir='ltr'><strong>wie</strong></span> <span class='ocrx_word' id='word_1_443' title='bbox 1478 2293 1586 2316; x_wconf 84' lang='lat' dir='ltr'><strong>unser</strong></span> 
     </span>
     <span class='ocr_line' id='line_1_72' title="bbox 848 2328 1586 2370; baseline 0 -8"><span class='ocrx_word' id='word_1_444' title='bbox 848 2328 1037 2364; x_wconf 85' lang='lat' dir='ltr'><strong>‘freilieh&#39;.</strong></span> <span class='ocrx_word' id='word_1_445' title='bbox 1085 2328 1118 2362; x_wconf 83' lang='lat' dir='ltr'><strong>S.</strong></span> <span class='ocrx_word' id='word_1_446' title='bbox 1140 2329 1190 2363; x_wconf 89' lang='lat' dir='ltr'><strong>IV</strong></span> <span class='ocrx_word' id='word_1_447' title='bbox 1209 2332 1228 2370; x_wconf 64' lang='grc' dir='ltr'>ἓ</span> <span class='ocrx_word' id='word_1_448' title='bbox 1251 2332 1305 2364; x_wconf 92' lang='lat'><strong>10.</strong></span> <span class='ocrx_word' id='word_1_449' title='bbox 1343 2329 1391 2364; x_wconf 85' lang='lat' dir='ltr'><strong>ad</strong></span> <span class='ocrx_word' id='word_1_450' title='bbox 1410 2329 1496 2363; x_wconf 82' lang='lat' dir='ltr'><strong>fam.</strong></span> <span class='ocrx_word' id='word_1_451' title='bbox 1517 2328 1586 2362; x_wconf 89' lang='lat' dir='ltr'><strong>XII</strong></span> 
     </span>
     <span class='ocr_line' id='line_1_73' title="bbox 846 2376 1585 2421; baseline -0.001 -11"><span class='ocrx_word' id='word_1_452' title='bbox 846 2380 902 2420; x_wconf 88' lang='lat'><strong>30,</strong></span> <span class='ocrx_word' id='word_1_453' title='bbox 929 2381 949 2411; x_wconf 90' lang='lat'><strong>3</strong></span> <span class='ocrx_word' id='word_1_454' title='bbox 976 2386 1047 2411; x_wconf 81' lang='lat' dir='ltr'><strong>non</strong></span> <span class='ocrx_word' id='word_1_455' title='bbox 1081 2376 1292 2411; x_wconf 79' lang='lat' dir='ltr'><strong>dubitabam</strong></span> <span class='ocrx_word' id='word_1_456' title='bbox 1323 2377 1500 2421; x_wconf 86' lang='lat' dir='ltr'><strong>equidem,</strong></span> <span class='ocrx_word' id='word_1_457' title='bbox 1532 2387 1585 2410; x_wconf 51' lang='lat' dir='ltr'><strong>¹ve-</strong></span> 
     </span>
     <span class='ocr_line' id='line_1_74' title="bbox 845 2424 1585 2458; baseline -0.003 0"><span class='ocrx_word' id='word_1_458' title='bbox 845 2435 926 2458; x_wconf 79' lang='lat' dir='ltr'><strong>rum</strong></span> <span class='ocrx_word' id='word_1_459' title='bbox 971 2427 1089 2458; x_wconf 82' lang='lat' dir='ltr'><strong>tamen</strong></span> <span class='ocrx_word' id='word_1_460' title='bbox 1132 2424 1242 2457; x_wconf 85' lang='lat' dir='ltr'><strong>multo</strong></span> <span class='ocrx_word' id='word_1_461' title='bbox 1285 2424 1374 2457; x_wconf 84' lang='lat' dir='ltr'><strong>mihi</strong></span> <span class='ocrx_word' id='word_1_462' title='bbox 1413 2424 1585 2458; x_wconf 79' lang='lat' dir='ltr'><strong>notiorem</strong></span> 
     </span>
     <span class='ocr_line' id='line_1_75' title="bbox 846 2469 1498 2514; baseline 0 -10"><span class='ocrx_word' id='word_1_463' title='bbox 846 2481 1000 2505; x_wconf 87' lang='lat' dir='ltr'><strong>amo-rem</strong></span> <span class='ocrx_word' id='word_1_464' title='bbox 1025 2474 1126 2504; x_wconf 87' lang='lat' dir='ltr'><strong>tuum</strong></span> <span class='ocrx_word' id='word_1_465' title='bbox 1151 2471 1235 2513; x_wconf 82' lang='lat' dir='ltr'><strong>fecit</strong></span> <span class='ocrx_word' id='word_1_466' title='bbox 1263 2469 1498 2514; x_wconf 75' lang='lat' dir='ltr'><strong>Chaerippus.</strong></span> 
     </span>
     <span class='ocr_line' id='line_1_76' title="bbox 893 2517 1585 2552; baseline -0.003 0"><span class='ocrx_word' id='word_1_467' title='bbox 893 2518 936 2552; x_wconf 88' lang='lat' dir='ltr'><strong>de</strong></span> <span class='ocrx_word' id='word_1_468' title='bbox 965 2518 1141 2552; x_wconf 81' lang='lat' dir='ltr'><strong>sententia</strong></span> <span class='ocrx_word' id='word_1_469' title='bbox 1177 2528 1246 2552; x_wconf 86' lang='lat' dir='ltr'><strong>esse</strong></span> <span class='ocrx_word' id='word_1_470' title='bbox 1279 2518 1460 2552; x_wconf 83' lang='lat' dir='ltr'><strong>deiectum.</strong></span> <span class='ocrx_word' id='word_1_471' title='bbox 1511 2517 1585 2551; x_wconf 83' lang='lat' dir='ltr'><strong>Das</strong></span> 
     </span>
     <span class='ocr_line' id='line_1_77' title="bbox 846 2563 1586 2602; baseline -0.003 -3"><span class='ocrx_word' id='word_1_472' title='bbox 846 2564 930 2599; x_wconf 86' lang='lat' dir='ltr'><strong>Bild</strong></span> <span class='ocrx_word' id='word_1_473' title='bbox 965 2565 1015 2599; x_wconf 74' lang='lat' dir='ltr'><strong>ist</strong></span> <span class='ocrx_word' id='word_1_474' title='bbox 1048 2576 1121 2599; x_wconf 88' lang='lat' dir='ltr'><strong>von</strong></span> <span class='ocrx_word' id='word_1_475' title='bbox 1163 2564 1246 2599; x_wconf 88' lang='lat' dir='ltr'><strong>dem</strong></span> <span class='ocrx_word' id='word_1_476' title='bbox 1282 2563 1474 2602; x_wconf 57' lang='lat' dir='ltr'><strong>Gladiahor</strong></span> <span class='ocrx_word' id='word_1_477' title='bbox 1507 2565 1586 2598; x_wconf 79' lang='lat' dir='ltr'><strong>ent-</strong></span> 
     </span>
     <span class='ocr_line' id='line_1_78' title="bbox 846 2610 1583 2653; baseline -0.001 -8"><span class='ocrx_word' id='word_1_478' title='bbox 846 2622 1036 2653; x_wconf 87' lang='lat' dir='ltr'><strong>nommen,</strong></span> <span class='ocrx_word' id='word_1_479' title='bbox 1074 2612 1139 2646; x_wconf 87' lang='lat' dir='ltr'><strong>der</strong></span> <span class='ocrx_word' id='word_1_480' title='bbox 1170 2623 1235 2646; x_wconf 80' lang='lat' dir='ltr'><strong>aus</strong></span> <span class='ocrx_word' id='word_1_481' title='bbox 1268 2612 1386 2646; x_wconf 85' lang='lat' dir='ltr'><strong>seiner</strong></span> <span class='ocrx_word' id='word_1_482' title='bbox 1418 2610 1583 2645; x_wconf 79' lang='lat' dir='ltr'><strong>Position</strong></span> 
     </span>
     <span class='ocr_line' id='line_1_79' title="bbox 847 2658 1583 2704; baseline -0.003 -12"><span class='ocrx_word' id='word_1_483' title='bbox 847 2658 1049 2704; x_wconf 60' lang='lat' dir='ltr'><strong>verdriingt,</strong></span> <span class='ocrx_word' id='word_1_484' title='bbox 1079 2658 1180 2692; x_wconf 86' lang='lat' dir='ltr'><strong>wird.</strong></span> <span class='ocrx_word' id='word_1_485' title='bbox 1238 2659 1282 2692; x_wconf 88' lang='lat' dir='ltr'><strong>de</strong></span> <span class='ocrx_word' id='word_1_486' title='bbox 1316 2658 1374 2692; x_wconf 85' lang='lat' dir='ltr'><strong>off.</strong></span> <span class='ocrx_word' id='word_1_487' title='bbox 1402 2659 1416 2692; x_wconf 92' lang='grc' dir='ltr'>Ι</span> <span class='ocrx_word' id='word_1_488' title='bbox 1443 2661 1504 2700; x_wconf 84' lang='lat'><strong>23,</strong></span> <span class='ocrx_word' id='word_1_489' title='bbox 1540 2661 1583 2692; x_wconf 84' lang='lat'><strong>80</strong></span> 
     </span>
     <span class='ocr_line' id='line_1_80' title="bbox 846 2705 1585 2741; baseline -0.001 -2"><span class='ocrx_word' id='word_1_490' title='bbox 846 2706 973 2741; x_wconf 82' lang='lat' dir='ltr'><strong>Fortis</strong></span> <span class='ocrx_word' id='word_1_491' title='bbox 998 2717 1076 2740; x_wconf 80' lang='lat' dir='ltr'><strong>vero</strong></span> <span class='ocrx_word' id='word_1_492' title='bbox 1103 2706 1219 2740; x_wconf 81' lang='lat' dir='ltr'><strong>animi</strong></span> <span class='ocrx_word' id='word_1_493' title='bbox 1250 2709 1281 2740; x_wconf 87' lang='lat' dir='ltr'><strong>et</strong></span> <span class='ocrx_word' id='word_1_494' title='bbox 1313 2705 1511 2739; x_wconf 74' lang='lat' dir='ltr'><strong>constantis</strong></span> <span class='ocrx_word' id='word_1_495' title='bbox 1535 2707 1585 2739; x_wconf 86' lang='lat' dir='ltr'><strong>est</strong></span> 
     </span>
     <span class='ocr_line' id='line_1_81' title="bbox 845 2752 1585 2797; baseline -0.003 -10"><span class='ocrx_word' id='word_1_496' title='bbox 845 2763 920 2787; x_wconf 88' lang='lat' dir='ltr'><strong>non</strong></span> <span class='ocrx_word' id='word_1_497' title='bbox 939 2753 1152 2797; x_wconf 75' lang='lat' dir='ltr'><strong>perturbari</strong></span> <span class='ocrx_word' id='word_1_498' title='bbox 1178 2753 1218 2786; x_wconf 81' lang='lat' dir='ltr'><strong>in</strong></span> <span class='ocrx_word' id='word_1_499' title='bbox 1243 2753 1347 2786; x_wconf 77' lang='lat' dir='ltr'><strong>rebus</strong></span> <span class='ocrx_word' id='word_1_500' title='bbox 1365 2752 1503 2795; x_wconf 77' lang='lat' dir='ltr'><strong>asperis</strong></span> <span class='ocrx_word' id='word_1_501' title='bbox 1522 2761 1585 2785; x_wconf 83' lang='lat' dir='ltr'><strong>nec</strong></span> 
     </span>
     <span class='ocr_line' id='line_1_82' title="bbox 846 2797 1584 2842; baseline -0.001 -9"><span class='ocrx_word' id='word_1_502' title='bbox 846 2800 1121 2834; x_wconf 77' lang='lat' dir='ltr'><strong>tumultuantem</strong></span> <span class='ocrx_word' id='word_1_503' title='bbox 1135 2800 1177 2833; x_wconf 81' lang='lat' dir='ltr'><strong>(le</strong></span> <span class='ocrx_word' id='word_1_504' title='bbox 1189 2799 1308 2842; x_wconf 75' lang='lat' dir='ltr'><strong>yradu</strong></span> <span class='ocrx_word' id='word_1_505' title='bbox 1322 2799 1424 2832; x_wconf 78' lang='lat' dir='ltr'><strong>deici.</strong></span> <span class='ocrx_word' id='word_1_506' title='bbox 1440 2797 1584 2832; x_wconf 86' lang='lat' dir='ltr'><strong>Ebenso</strong></span> 
     </span>
     <span class='ocr_line' id='line_1_83' title="bbox 846 2845 1559 2890; baseline 0.001 -11"><span class='ocrx_word' id='word_1_507' title='bbox 846 2846 937 2880; x_wconf 84' lang='lat' dir='ltr'><strong>wird</strong></span> <span class='ocrx_word' id='word_1_508' title='bbox 962 2846 1132 2890; x_wconf 78' lang='lat' dir='ltr'><strong>depellere</strong></span> <span class='ocrx_word' id='word_1_509' title='bbox 1157 2846 1361 2889; x_wconf 77' lang='lat' dir='ltr'><strong>gebraucht</strong></span> <span class='ocrx_word' id='word_1_510' title='bbox 1387 2845 1402 2879; x_wconf 94' lang='lat' dir='ltr'>I</span> <span class='ocrx_word' id='word_1_511' title='bbox 1428 2849 1483 2889; x_wconf 81' lang='lat'><strong>32,</strong></span> <span class='ocrx_word' id='word_1_512' title='bbox 1505 2849 1559 2880; x_wconf 82' lang='lat'><strong>77.</strong></span> 
     </span>
    </p>
   </div>
  </div>
 </body>
</html>
