1790 3103
124 914 166 944 78
183 908 261 941 stas
293 904 333 941 in
366 908 492 941 totum
529 904 701 941 animum
740 915 825 941 esse
865 903 992 942 (lebet.

109 1404 163 1446 37

121 1456 163 1487 79

163 2330 250 2367 .mit
277 2331 397 2364 einem
417 2330 573 2365 Genetiv
593 2330 663 2365 wie
692 2331 783 2365 belh.

181 92 237 133 92
700 92 750 126 M.
777 91 941 126 TULLII
967 90 1219 126 CICERONIS

180 201 291 239 Nosti
325 213 423 251 quae
463 207 703 254 sequuntur3
747 202 908 241 alternis
950 202 1053 240 enim
1094 200 1274 239 versibus
1315 202 1607 252 intorquentur·
1634 203 1740 240 inter

182 261 325 298 fratres
351 261 602 310 gravissimae
629 261 906 312 contumeliae,
939 266 982 298 ut
1014 259 1125 298 facile
1156 259 1340 309 adpareat
1365 260 1474 298 Atrei
1505 260 1606 299 filios
1638 272 1740 313 esse,

185 319 271 356 eius
304 320 371 368 qui
404 319 614 358 meditatur
645 331 811 371 poenam
844 320 884 356 in
917 319 1079 356 fratrem
1112 330 1268 356 novam:

298 388 436 428 Maior
468 391 567 428 mihi
595 393 730 436 moles,
764 388 893 427 mciius
925 387 1208 427 miscendumst
1239 390 1402 435 malum,

298 449 368 495 qui
399 446 505 486 illius
538 449 729 487 acerbum
762 448 834 486 co'r
866 448 1110 485 contundam
1143 453 1182 485 et
1213 447 1473 495 comprimam.

181 516 266 562 Quo
299 519 419 567 igitur
451 517 547 555 haec
581 518 752 567 erumpit
784 513 936 554 moles?
997 516 1096 555 Audi
1129 516 1359 567 Thyestem:

298 581 414 648 ipsus
446 598 635 637 hortatur
666 610 726 636 me
754 597 908 647 frater,
940 598 985 636 ut
1015 610 1121 637 meos
1152 597 1269 637 malls
1301 601 1421 637 miser

299 657 535 696 mundarem.
567 662 683 695 natos
716 688 889 695 .....

179 726 328 765 Eorum
361 728 511 765 viscera
542 726 713 777 adponit.
777 726 877 772 Quid
912 735 971 766 est
1010 729 1112 765 enim
1146 739 1223 778 quo
1257 739 1336 765 non
1368 727 1644 778 progrediatur
1677 740 1742 766 eo·
1778 752 1779 758 1

179 785 268 824 dem
300 786 357 823 ira
390 797 466 836 quo
500 783 639 824 furor?
701 785 835 836 Itaque
868 787 989 824 iratos
1021 788 1181 837 proprie
1209 786 1375 824 dicimus
1402 788 1530 824 exisse
1557 786 1605 825 de
1630 792 1740 838 pote-

179 849 296 896 state,
328 844 367 882 id
400 849 460 882 est
491 844 538 882 de
566 844 747 896 consilio,
780 844 827 882 de
854 846 1023 897 ratione,
1057 845 1103 883 de
1138 850 1286 896 mente3
1318 845 1460 883 horum
1493 846 1597 883 enim
1629 851 1737 896 pote-

1055 903 1124 941 His
1163 910 1230 941 aut
1268 903 1525 942 subtrahendi
1563 910 1656 943 sunt
1693 905 1744 956 ei,
1780 926 1782 930 ·

180 963 219 999 in
254 973 353 1012 quos
384 963 575 1012 impetum
608 967 802 1000 conantur
834 962 982 1013 facere,
1023 962 1114 1000 dum
1148 974 1189 999 se
1221 963 1296 1012 ipsi
1328 961 1525 1012 conligant
1557 984 1611 988 —
1645 962 1740 1013 quid

182 1026 241 1058 est
274 1025 405 1058 autem
437 1032 478 1057 se
511 1021 641 1070 ipsum
675 1020 871 1071 conligere
905 1021 979 1058 nisi
1012 1020 1231 1071 dissupatas
1267 1021 1385 1058 animi
1416 1025 1548 1071 partes
1583 1032 1744 1059 rursum

180 1080 220 1116 in
266 1090 381 1117 suum
424 1078 552 1116 locum
597 1076 767 1129 cogere?
800 1101 854 1105 —
889 1084 956 1117 aut
1000 1078 1163 1130 rogandi
1208 1078 1424 1130 orandique
1469 1084 1562 1117 sunt
1606 1084 1668 1131 ut,
1712 1081 1746 1117 si

182 1149 298 1188 quam
324 1136 470 1175 habent
497 1137 712 1176 ulciscendi
740 1139 833 1189 vim,
866 1137 1049 1176 differant
1080 1139 1120 1176 in
1153 1143 1309 1188 tempus
1336 1137 1458 1190 aliud,
1491 1137 1584 1189 dum
1616 1137 1743 1176 deser-

181 1201 311 1234 vescat
342 1197 410 1234 ira.
473 1195 753 1234 Deservescere
787 1202 918 1235 autem
951 1202 1058 1235 certe
1097 1197 1289 1247 significat
1321 1196 1504 1234 ardorem
1536 1197 1654 1235 animi
1686 1198 1744 1235 in·

178 1256 257 1293 vita
289 1256 440 1293 ratione
473 1256 696 1293 excitatum.
759 1254 815 1293 Ex
850 1268 926 1306 quo
959 1255 1054 1293 illud
1086 1255 1268 1293 laudatur
1299 1255 1510 1307 Archytae,
1552 1257 1620 1306 qui
1651 1267 1742 1294 cum

180 1313 292 1352 vilico
326 1313 452 1352 sactus
486 1320 591 1352 esset
623 1315 777 1366 iratior,
816 1310 909 1365 equo
947 1319 983 1352 te
1016 1311 1147 1352 modo'
1187 1315 1315 1364 inquit
1354 1311 1628 1366 eaccepissem,
1666 1315 1741 1352 nisi

179 1373 304 1410 iratus
337 1369 498 1410 esseml'

299 1430 373 1469 Ubi
411 1436 504 1469 sunt
543 1443 636 1481 ergo
675 1432 758 1483 isti,
799 1432 864 1481 qui
902 1430 1144 1469 iracundiam
1183 1430 1320 1469 utilem
1359 1431 1495 1469 dicunt
1527 1453 1581 1456 —
1614 1436 1746 1482 potest

180 1489 287 1528 utilis
320 1501 405 1527 esse
438 1487 618 1527 insania?
654 1511 704 1515 —
740 1496 807 1528 aut
839 1487 1084 1527 naturalem?
1117 1501 1164 1527 an
1198 1491 1409 1540 quicquam
1438 1494 1498 1527 est
1525 1489 1742 1528 secundum

178 1555 375 1599 naturam,
408 1547 513 1598 quod
545 1549 588 1585 fit
619 1553 862 1598 repugnante
896 1546 1076 1586 ratione?
1138 1547 1222 1592 Quo
1261 1548 1376 1586 modo
1415 1553 1567 1599 autem,
1605 1549 1639 1587 si
1676 1560 1742 1586 na-

179 1606 316 1645 turalis
350 1612 454 1644 esset
485 1608 560 1658 ira,
593 1613 660 1645 aut
691 1606 789 1645 alius
829 1606 902 1644 alio
942 1608 1064 1657 magis
1104 1606 1317 1645 iracundus
1359 1612 1482 1658 esset,
1521 1612 1588 1645 aut
1626 1607 1743 1645 finem
1789 1611 1790 1661 ζ

998 1730 1070 1754 von
1105 1720 1247 1754 tradere
1283 1719 1334 1753 ist
1370 1719 1498 1764 hiiufig
1540 1719 1602 1754 bei
1641 1720 1742 1755 alten

998 1766 1184 1801 Dichtern.
1235 1766 1269 1800 Π
1297 1770 1353 1810 17,
1376 1770 1417 1801 19
1444 1767 1551 1801 salsis
1575 1767 1746 1811 fluetibus

180 1720 280 1754 selbe
300 1719 416 1754 stelle
437 1719 722 1764 eingenommen
741 1732 784 1753 zu
804 1720 926 1754 haben

179 1766 340 1810 6611611111,
386 1766 456 1801 wie
494 1767 533 1800 in
573 1767 638 1801 der
675 1778 748 1801 von
786 1766 925 1801 Ennius

178 1813 518 1858 nachgedichteten
554 1813 751 1859 Iphigenia,
789 1814 925 1848 Aulika

181 1860 245 1895 des
271 1860 467 1906 Euripides
502 1860 567 1895 (161·
595 1860 709 1895 Streit
739 1860 924 1895 zwischen

179 1908 435 1953 Agamemnon
456 1908 531 1942 und
551 1908 742 1942 Menelaus
763 1920 795 1943 v.
816 1912 883 1942 317
898 1908 922 1942 f.

226 1956 492 1999 intorquentur.
544 1954 577 1989 S.
606 1954 658 1988 ΠΙ
684 1959 741 1999 26,
769 1959 812 1989 63
833 1966 924 1999 quae

177 2002 286 2036 verba
311 2005 527 2046 contorquet.

229 2049 359 2084 Maior
393 2050 483 2083 mihi
514 2049 630 2083 moles.
680 2049 756 2082 Ans
789 2048 923 2082 Accius

178 2096 330 2136 Atreus,
369 2108 394 2131 s.
432 2096 476 2129 de
503 2096 603 2129 deor.
639 2107 673 2130 n.
700 2095 751 2128 ΠΙ
777 2099 839 2138 26,
868 2098 922 2130 68.

179 2143 222 2177 de
249 2145 340 2178 orat.
362 2143 414 2177 111
435 2146 492 2186 58,
514 2146 592 2177 219.
621 2162 664 2166 —
690 2143 814 2185 moles,
842 2141 923 2176 eine

179 2189 397 2234 schwierige
417 2189 734 2233 Unternehmung.
777 2190 818 2223 In
839 2188 923 2222 dem

180 2236 291 2271 Sinne
325 2237 425 2271 steht
458 2237 523 2271 das
549 2236 658 2271 Wort,
694 2236 923 2270 namentlich

179 2284 241 2318 bei
269 2285 441 2328 s12'ztteren
460 2282 683 2318 Prosaikern
709 2283 823 2317 allein
848 2283 925 2317 und

836 2330 922 2364 Tac.

182 2389 239 2412 an.
267 2377 283 2410 Ι
309 2381 353 2411 45
379 2378 432 2412 sz'c
452 2378 656 2420 compositis
669 2377 924 2421 praesentibus

180 2425 280 2459 haud
304 2425 424 2458 minor
449 2425 554 2459 moles
578 2428 772 2468 supererat.

228 2472 448 2506 miscendum
474 2474 542 2513 est,
575 2470 633 2505 ein
661 2471 838 2515 Zeugma,
878 2470 925 2505 (13

181 2531 225 2552 zu
250 2519 356 2553 moles
382 2519 475 2553 stati:
498 2518 718 2552 miscendum
745 2517 803 2552 ein
817 2517 925 2552 lVort

180 2565 250 2599 wie
274 2566 469 2609 paranda,
501 2565 689 2600 subeunda
720 2576 762 2598 zu
795 2568 923 2609 ergiin-

179 2623 247 2646 zen
271 2612 332 2646 ist.

226 2660 290 2703 qui
315 2676 359 2688 =
385 2670 454 2703 quo
479 2659 592 2695 modo.

228 2708 348 2750 ipsus,
376 2705 451 2740 alte
478 2706 589 2740 Form
614 2705 673 2740 fiir
701 2707 783 2749 ipse.

226 2754 334 2788 medis
347 2754 557 2787 mandarem
569 2770 613 2781 =
626 2764 788 2788 vescerer.
816 2753 922 2787 Lucr.

180 2799 214 2833 ΙΙ
235 2803 303 2834 638
329 2811 373 2835 ue
392 2800 578 2835 Saturnus
599 2811 677 2834 eum
697 2801 802 2834 malis
820 2810 922 2834 mem-

179 2848 283 2882 daret
317 2848 477 2892 adeptus.
527 2847 703 2882 mandare
734 2847 784 2880 im
812 2845 923 2881 Sinne

998 1814 1143 1848 mandet
1171 1824 1233 1847 me.

1047 1862 1144 1905 Quid
1169 1864 1219 1895 est
1246 1880 1289 1886 -ν
1316 1871 1386 1905 quo
1413 1880 1454 1885 —
1481 1862 1596 1904 furor.
1648 1860 1741 1896 Eine

997 1907 1376 1951 Zusammenziehung
1416 1919 1483 1942 aus
1521 1907 1611 1942 zwei
1647 1907 1741 1942 Aus-

997 1955 1177 1989 drficken:
1204 1955 1292 1999 quid
1317 1959 1387 1996 est,
1411 1965 1481 1998 quo
1505 1965 1581 1989 ‘nou
1593 1965 1742 2000 proyre-

997 2003 1124 2036 dicitur
1155 2003 1214 2036 ira
1246 2005 1278 2036 et
1307 2003 1430 2044 furor,
1463 2002 1538 2036 und
1568 2003 1628 2037 ira
1656 2012 1744 2046 pro-

995 2049 1161 2093 medicur-
1186 2049 1303 2082 eodem
1328 2058 1397 2092 quo
1421 2049 1537 2090 furor.

1045 2096 1156 2130 exisse
1175 2096 1217 2129 de
1231 2098 1414 2139 potestate.
1454 2095 1535 2139 Vgl.
1556 2095 1608 2130 ΠΙ
1628 2099 1661 2139 5,
1684 2100 1738 2131 11.

1046 2145 1100 2176 78.
1127 2142 1191 2176 Ea:
1217 2154 1303 2186 quo:
1330 2142 1403 2176 Das
1423 2142 1573 2177 Relativ
1592 2142 1739 2176 bezieht

998 2189 1076 2224 sich
1102 2189 1206 2223 nicht
1225 2189 1291 2223 auf
1309 2189 1379 2223 den
1399 2189 1640 2224 unmittelbar
1658 2200 1739 2224 vor-

996 2235 1259 2281 hergehenden
1281 2235 1384 2280 Satz,
1410 2236 1568 2270 sondern
1588 2236 1655 2271 auf
1670 2236 1742 2271 den

997 2282 1322 2327 Hauptgedanken
1367 2284 1525 2328 rogyaudi
1562 2287 1603 2318 ut
1640 2284 1743 2326 diffe-

997 2334 1094 2365 rant.

1045 2378 1244 2422 Archytas,
1283 2376 1348 2411 der
1380 2377 1635 2421 Pythagoram
1676 2387 1743 2411 aus

998 2424 1135 2458 'Parent
1169 2424 1244 2458 und
1279 2424 1425 2459 Freund
1459 2423 1603 2467 Platos,
1642 2423 1743 2459 lebte

999 2472 1095 2505 etwa
1119 2471 1175 2505 bis
1203 2474 1270 2505 365
1297 2483 1329 2505 V.
1359 2471 1440 2506 Chr.
1491 2470 1541 2504 Er
1572 2480 1649 2504 war
1687 2470 1744 2504 als

997 2518 1203 2561 Philosoph
1229 2518 1305 2552 und
1325 2517 1625 2560 Mathematiker,
1653 2517 1742 2551 aber

997 2565 1093 2599 auch
1120 2564 1174 2599 als
1200 2565 1377 2599 Feldherr
1402 2565 1477 2598 und
1503 2564 1742 2599 Staatsmann

996 2612 1182 2646 berfihmt.
1233 2612 1355 2646 Valer.
1375 2611 1471 2645 Max.
1498 2610 1549 2645 IV
1577 2615 1595 2645 1
1623 2612 1696 2647 ext.
1719 2616 1736 2645 1

998 2659 1139 2693 erzahlt
1176 2659 1235 2693 die
1269 2658 1462 2693 Anekdote
1499 2657 1741 2693 ausfiihrlich.

997 2706 1143 2740 Andere
1163 2706 1271 2750 legen
1296 2706 1368 2739 den
1387 2706 1600 2749 Aussprueh
1619 2704 1741 2749 Plato,

998 2752 1174 2787 Sokrates
1201 2752 1276 2786 und
1302 2752 1462 2787 anderen
1487 2752 1559 2787 bei.

1045 2800 1273 2844 accepissem,
1303 2811 1330 2834 s.
1358 2812 1385 2833 z.
1412 2799 1445 2833 H
1474 2803 1527 2843 14,
1554 2803 1599 2834 34
1624 2799 1741 2834 verbe-

996 2847 1099 2881 ribus
1125 2847 1369 2890 ccceztpimztm·.
