1790 3103
284 111 680 149 TUSCULANARUM
706 110 1103 147 DISPUTATIONUM
1132 111 1190 145 III.
1218 114 1366 145 26—29.
1547 108 1597 148 19

50 226 220 264 animum
252 223 445 274 planeque
478 222 644 260 conticit.

50 283 205 322 miseria
239 292 373 320 carere
407 292 484 319 non
515 291 736 330 possumus.

707 219 814 258 Hane
852 221 926 258 nisi
965 220 1144 258 exuimus
1183 221 1255 270 sic,
1294 226 1336 258 ut
1375 218 1600 270 abiciamus,

167 339 293 390 Atque
331 338 404 377 hoc
443 337 600 389 quidem
638 338 891 389 perspicuum
936 341 1014 386 est,
1058 340 1140 373 tum
1188 335 1471 384 aegritudinem
1521 338 1597 374 exi·
1614 344 1656 375 28

50 403 172 450 stere‚
204 409 292 436 cum
326 396 417 447 quid
451 398 502 434 ita
529 397 654 434 visum
688 397 756 446 sit,
788 400 831 433 ut
863 404 1044 444 magnum
1073 391 1265 443 quoddam
1294 393 1435 431 malum
1464 394 1599 432 adesse

49 461 88 496 et
118 467 288 507 urguere
321 454 509 493 videatur.

571 453 741 504 Epicuro
774 458 903 491 autem
942 451 1068 503 placet
1100 452 1324 502 opinionem
1358 450 1446 489 mali
1479 454 1599 502 aegri-

49 513 222 554 tudinem
262 525 348 552 esse
388 518 544 563 natura,
588 517 631 550 ut
675 512 912 562 quicumque
955 512 1154 548 intueatur
1198 510 1237 547 in
1282 508 1436 559 aliquod
1477 512 1600 547 maius

47 571 209 623 malum,
248 573 279 610 si
313 571 350 610 id
383 571 457 609 sibi
489 569 677 608 accidisse
711 571 911 620 opinetur,
951 570 1001 607 sit
1040 568 1227 606 continuo
1266 568 1304 605 in
1345 567 1600 618 aegritudine.

48 629 249 681 Cyrenaici
282 641 358 668 non
392 630 497 667 omni
524 627 622 666 malo
650 627 933 678 aegritudinem
961 626 1061 665 effici
1089 631 1268 677 censent,
1301 625 1368 664 sed
1402 627 1601 676 insperato

50 693 88 728 et
119 689 352 739 necopinato
384 687 494 726 malo.

47 746 282 797 augendam3
325 745 506 783 videntur
545 746 647 782 enim
687 745 814 782 onmia
854 745 1056 795 repentina
1096 743 1284 793 graviora.

46 803 109 844 illa
141 806 226 843 iure
259 803 484 842 laudantur:

557 685 626 724 Est
652 686 688 724 id
717 685 873 736 quidem
902 697 977 723 non
1007 684 1203 723 mediocre
1237 684 1281 721 ad
1316 684 1600 734 aegritudinem

1347 742 1401 779 Ex
1446 742 1517 780 hoc
1565 748 1603 780 et

107 866 195 935 &90
227 896 316 924 cnm
346 886 486 933 qenai,
519 884 599 924 tam
633 886 850 923 morituros
882 882 985 922 sce'z’e'
1015 890 1051 922 et
1083 886 1122 922 ei
1152 885 1215 922 rel
1243 883 1395 922 seistulel

114 943 337 983 Praeterea
370 945 426 981 ad
460 942 619 982 Troe'a'm
651 954 741 981 cam
773 944 863 981 misi
893 944 940 981 ob
974 941 1266 1009 defendendam
1303 941 1535 987 Graeciam,

109 1000 260 1041 scibam
294 1013 354 1040 mc
386 1004 424 1039 in
458 1000 709 1049 morteferum
743 1002 901 1048 bellam,
935 1001 1011 1040 non
1047 1003 1085 1039 in
1120 1003 1258 1049 epulas
1290 999 1455 1039 mittere

1026 1128 1159 1179 Itaque
1193 1129 1292 1179 apud
1326 1128 1540 1179 Euripiden
1573 1140 1592 1166 a

48 1188 200 1227 Theseo
234 1188 335 1226 dicta
368 1187 592 1238 laudantur3
624 1187 715 1225 licet
747 1188 868 1238 enim,
908 1194 950 1225 nt
983 1199 1096 1237 saepe
1130 1187 1312 1237 facimus,
1352 1189 1389 1224 in
1423 1186 1602 1225 Latinum

47 1246 109 1284 illa
142 1250 389 1285 convertere:

260 1316 359 1353 Nam
392 1317 462 1363 qul
492 1315 594 1354 hae'c
621 1317 764 1353 audita
797 1327 821 1353 a
852 1316 968 1355 do'cto
1000 1315 1259 1354 meme'm'sse'm
1288 1318 1391 1362 viro,

259 1373 426 1421 sataras
458 1384 609 1412 meeum
643 1374 942 1413 cammentabar
973 1372 1175 1412 miserias:

263 1437 333 1470 (ad
364 1432 527 1470 mortem
561 1433 751 1470 acerbam
786 1438 855 1470 aaz
888 1431 1006 1471 e'xsz'le'
1035 1431 1224 1471 maesta'm
1248 1432 1390 1480 fayam

95 1548 151 1580 28.
185 1544 390 1589 opinionem
416 1545 505 1578 mali
529 1545 588 1578 cet
649 1544 704 1588 Ep
707 1544 791 1578 ikur

48 1591 228 1627 erkannte
268 1590 327 1625 die
362 1581 456 1625 Ubel
495 1591 548 1625 als
586 1590 789 1636 wirkliche‚

47 1637 152 1673 nicht
185 1637 283 1672 bloss
319 1637 567 1682 eingebildete
603 1630 698 1672 Ubel
733 1648 790 1682 an,

49 1684 108 1720 die
134 1684 320 1728 φυσικῶς,
356 1687 512 1726 natura,
548 1683 607 1718 die
633 1683 790 1717 Bekiim-

48 1731 184 1766 mernis
199 1731 448 1766 hervorrufen.
479 1731 683 1774 opinionem
703 1731 792 1765 mali

47 1778 149 1813 steht
172 1777 328 1812 deshalb
364 1777 469 1811 nicht
499 1778 536 1811 in
569 1777 651 1811 dem
679 1776 789 1811 Sinne

48 1825 117 1860 wie
143 1827 162 1866 ἓ
189 1829 232 1858 24
268 1834 379 1859 eausa
405 1824 519 1858 omnis
547 1825 583 1857 in
610 1825 792 1867 opinione,

49 1871 204 1907 sondern
223 1871 261 1905 in
281 1870 600 1915 allgemeinerem·
627 1870 686 1905 die
701 1871 790 1905 Vor-

48 1917 222 1962 stellung,
239 1918 305 1952 das
320 1916 562 1952 Bewusstsein
582 1928 654 1951 von
671 1916 790 1952 einem

49 1929 233 2009 Ungh'iok’
285 1964 389 1998 Denn
411 1964 505 1998 ohne
526 1963 591 1998 das
610 1963 791 1999 Bewusst-

51 2010 128 2046 sein
160 2021 234 2045 von
273 2010 391 2045 einem
430 2010 523 2044 Leid
560 2011 659 2044 kann
697 2011 790 2045 auch

50 2057 146 2092 nach
159 2057 214 2102 Ep
216 2057 301 2092 ikur
314 2057 373 2092 dje
390 2057 669 2091 Bekiimmernis
688 2056 792 2092 nicht

51 2104 253 2148 entstehen‚
274 2104 348 2138 und
369 2115 475 2138 wenn
500 2103 551 2138 sie
572 2104 670 2138 dann
696 2104 790 2138 auch

49 2150 276 2203 no‘hwendig.
284 2151 448 2195 (natura)
468 2150 649 2193 entst'eht,
676 2162 716 2185 so
742 2150 792 2185 ist

50 2196 102 2232 sie
137 2197 232 2232 doch
266 2196 305 2231 in
341 2197 405 2232 der
431 2196 577 2232 Gewalt
602 2197 665 2232 des
693 2197 790 2232 Wei—

19 2260 21 2262 ·
52 2254 131 2287 sen,
167 2244 232 2278 der
266 2243 448 2279 imstande
483 2243 550 2286 ist,
585 2243 685 2278 seine
722 2243 790 2278 Ge-

52 2272 198 2326 dan’ken
223 2301 296 2326 von
323 2290 404 2325 dem
431 2271 687 2325 Betrfihenden
719 2290 789 2325 los-

52 2336 229 2382 zuressseen
263 2337 338 2371 und
374 2337 452 2372 sich
487 2336 604 2371 durch
629 2337 790 2371 verstan-

52 2382 136 2429 dige
154 2383 394 2428 Uberlegung
419 2395 491 2418 von
511 2384 593 2418 dem
613 2384 790 2419 Kummer

52 2441 96 2464 zu
119 2430 294 2465 befreien.

100 2477 301 2522 Cyrenaici.
353 2478 388 2512 S.
415 2489 443 2511 z.
470 2477 503 2510 ΙΙ
531 2481 568 2520 6,
597 2481 648 2511 15.

99 2527 131 2558 et
154 2524 238 2558 illa:
271 2527 303 2559 et
327 2524 386 2558 fiir
411 2524 527 2558 etiam.
578 2522 628 2557 IV
655 2527 718 2566 34,
747 2527 788 2558 73

55 2568 171 2605 Probe
195 2574 227 2605 et
252 2571 321 2606 ille.
373 2570 416 2604 de
438 2569 496 2604 off
517 2570 685 2613 14o,142
706 2581 790 2604 nam

54 2618 86 2651 et
109 2617 270 2652 ordinem
294 2618 347 2652 sie
372 2617 558 2670 definiunt.

98 2662 178 2708 Ego
203 2675 282 2699 cum
306 2665 433 2709 yenui:
464 2663 576 2698 Verse
608 2674 672 2698 aus
707 2663 789 2698 dem

54 2707 203 2745 Telamo
240 2711 304 2746 des
343 2711 500 2753 Ennius,
542 2720 598 2744 wo
637 2710 789 2745 Telamo

53 2754 114 2790 bei
146 2756 210 2792 der
237 2757 443 2792 Nachricht
473 2767 547 2792 von
579 2756 662 2791 dem
689 2757 789 2792 'rode

54 2801 172 2837 seiner
214 2803 346 2838 beiden
385 2803 507 2839 Sohne
554 2802 630 2837 sich
675 2803 792 2838 damit

53 2847 204 2892 til-osten
224 2849 304 2885 dass
325 2860 364 2885 er
378 2850 435 2885 ein
452 2850 594 2885 solches
610 2849 791 2885 Geschick

862 1544 992 1579 immer
1024 1545 1079 1579 als
1111 1545 1275 1589 moglich
1307 1545 1603 1590 voi-ausgesehen

862 1591 970 1626 habe.
1021 1591 1103 1636 Vgl.
1132 1596 1196 1634 24,
1224 1595 1278 1626 53.

911 1639 943 1672 ei
961 1638 1030 1680 rei,
1055 1638 1162 1673 beide
1179 1637 1308 1674 Worte
1329 1638 1410 1673 sind
1431 1638 1605 1683 einsilbig

863 1696 906 1718 zu
931 1684 1042 1719 lesen.

910 1732 1059 1773 sustuli,
1086 1744 1110 1766 s.
1139 1744 1166 1766 z,
1194 1732 1243 1765 ΙΙΙ
1273 1736 1309 1774 1,
1336 1736 1366 1767 2.

911 1778 952 1812 ob
979 1779 1237 1821 defendendam
1261 1778 1324 1812 Gr.
1348 1796 1391 1807 =
1412 1779 1460 1813 ad
1485 1779 1605 1820 defen·

864 1825 1017 1860 dendam
1053 1825 1116 1860 Gr.
1154 1825 1240 1860 Sall.
1275 1826 1357 1870 Jug.
1394 1828 1437 1860 89
1473 1826 1604 1860 existu-

863 1882 968 1906 mans
994 1873 1211 1917 Iuyurtham
1245 1873 1288 1906 ob
1320 1883 1402 1907 suos
1434 1873 1605 1907 tutandos

864 1938 907 1943 —
935 1922 1134 1954 venturum.

911 1965 1002 2009 Kap.
1032 1965 1093 2000 14.
1146 1969 1200 2000 29.
1229 1966 1308 2000 lieet
1334 1967 1437 2000 emm.
1488 1966 1537 2000 Es
1556 1966 1605 2000 ist

865 2011 924 2046 ein
951 2011 1127 2046 Gedanke
1161 2012 1294 2047 vorher
1331 2025 1373 2046 zu
1413 2016 1603 2058 erganzen.

866 2058 898 2092 S.
926 2071 954 2092 z.
983 2063 1018 2101 7,
1049 2064 1090 2093 14
1116 2060 1296 2104 quoniam

910 2116 993 2140 nam
1015 2107 1078 2150 qui
1098 2109 1166 2141 cet.
1199 2107 1274 2140 Ans
1288 2105 1492 2149 Euripides*
1510 2105 1603 2139 The-

863 2162 944 2186 sens
971 2152 1028 2197 (fr.
1056 2157 1123 2187 392
1150 2152 1313 2195 Nauck):

865 2195 935 2242 ε’γω
976 2199 1017 2234 δὲ
1058 2200 1166 2234 τοῦτο
1205 2197 1306 2242 παρὰ
1347 2199 1466 2254 σοφοῦ
1506 2212 1605 2238 τινος

1359 2243 1495 2289 μαθών

864 2290 918 2331 εἰς
963 2293 1166 2335 φροντίδας
1204 2292 1295 2327 νοῦν
1338 2290 1531 2350 συμφοράς
1569 2290 1601 2326 τ’

1359 2336 1583 2395 ἐβαλλόμην,

863 2383 987 2429 φυγάς
1024 2399 1043 2419 τ
1101 2383 1247 2433 ἐμαυτῷ
1286 2386 1499 2444 προς-τιθεὶς
1533 2384 1603 2420 πά-

1357 2446 1445 2476 τρας
1472 2430 1565 2489 ἐμῆς

862 2475 1056 2518 θανάτους
1083 2492 1101 2513 τ
1145 2476 1292 2523 ἀώρους
1311 2479 1374 2513 καὶ
1395 2480 1521 2513 κακῶν
1541 2476 1603 2513 ἅλ-

1357 2529 1422 2565 λας
1447 2523 1570 2569 ὁδούς,

863 2568 924 2614 ὡς,
939 2572 978 2606 εἰ
986 2585 1020 2606 τι
1033 2569 1204 2617 πάσχοιμ’
1219 2586 1271 2607 ων
1289 2569 1467 2615 ἐδόξαζον
1482 2575 1603 2617 φρενί

861 2615 910 2662 μή
949 2631 1010 2663 μοι
1047 2618 1184 2662 νεωρὲς
1225 2618 1432 2663 προςπεσὸν
1467 2620 1602 2664 μᾶλλον

1357 2654 1478 2701 δάκοι.

864 2710 938 2746 Cic.
959 2712 1032 2746 hat?
1046 2712 1104 2746 die
1127 2712 1240 2747 Stene
1261 2723 1326 2746 aus
1347 2713 1446 2747 einer
1467 2711 1603 2746 Schrist

864 2758 927 2793 des
949 2758 1174 2804 Chrysippus
1195 2762 1439 2794 entnommen
1477 2758 1510 2792 S.
1532 2757 1602 2793 Ga-

863 2805 924 2839 len
950 2805 995 2839 de
1021 2806 1143 2850 dogm.
1170 2806 1268 2850 Hipp
1246 2818 1278 2849 p.
1307 2807 1343 2840 et
1369 2805 1462 2839 Plat
1491 2803 1540 2838 IV
1566 2816 1601 2849 p

865 2855 933 2886 418
962 2851 1081 2886 Ku'hn.
1132 2851 1215 2896 Vgl.
1243 2852 1383 2892 Em1.§
1409 2855 1464 2886 29.

1275 2910 1318 2943 2,

48 1071 151 1111 Haec
182 1073 302 1123 igitu1
334 1071 628 1122 praemeditatio
662 1072 884 1109 futurorum
924 1070 1112 1109 malorum
1152 1070 1247 1109 lenit
1286 1081 1420 1109 eorum
1460 1069 1599 1107 adv—en
1619 1045 1675 1125 {J

49 1136 149 1182 tum,
188 1141 285 1180 quae
319 1131 510 1168 venientia
543 1129 655 1179 longe
689 1135 777 1167 ante
810 1129 964 1167 videlis.
