1790 3103
260 89 653 125 TUSCULANARUM
680 90 1079 125 DISPUTATIONUM
1108 92 1165 126 1V.
1193 96 1343 127 48—52.
1526 91 1575 131 77

27 197 178 242 iratus?
218 199 310 238 Vide
344 212 391 238 ne
426 200 612 238 fortitudo
646 202 803 238 minime
837 201 887 238 sit
920 200 1070 238 rabiosa
1104 202 1232 251 sitque
1267 201 1464 239 iracundia
1500 207 1577 240 tota

27 259 212 310 levitatis;
244 270 371 309 neque
399 259 506 296 enim
533 264 592 296 est
619 258 694 296 ulla
729 258 931 309 fortitude,
965 270 1063 308 quae
1092 260 1254 297 rationis
1287 266 1345 297 (51
1378 273 1529 311 e·xpeis
1593 298 1602 309 ἱ
1624 291 1645 313 9

142 316 458 356 Contemnendae
492 329 554 354 res
585 316 775 355 humanae
809 322 918 368 sunt,
950 316 1190 367 neglecenda
1222 329 1327 355 mors
1367 324 1442 368 est,
1482 320 1575 369 pati·
1593 310 1647 372 51,

25 375 122 415 biles
163 380 202 414 et
243 375 398 413 dolores
440 381 477 413 et
518 374 671 413 labores
715 375 886 426 putandi.
950 374 1051 413 Haec
1096 386 1185 413 cum
1230 377 1440 414 constituta
1486 383 1577 414 sunt

24 433 169 474 iudicio
203 439 318 484 atque
351 435 563 484 sententia,
603 439 684 472 tum
718 439 777 471 est
813 432 973 471 robusta
1012 433 1073 471 illa
1114 440 1151 471 et
1190 433 1338 471 stabilis
1379 434 1578 485 fortitudo,

23 493 100 532 nisi
133 492 252 543 sorte,
285 504 384 542 quae
418 491 685 542 vehementer,
718 493 880 543 acriter,
919 493 1091 529 animose
1126 492 1241 543 fiunt,
1275 492 1459 530 iracunde
1495 493 1577 530 fieri

23 552 280 602 suspicamur.
344 549 436 588 Mihi
472 562 518 588 ne
554 550 683 600 Scipio
718 550 874 600 quidem
914 549 995 601 ille,
1034 550 1207 600 pontifex
1248 562 1472 601 maxumus,
1512 552 1577 600 qui

51 621 97 647 oc
131 608 354 648 Stoicorum
386 621 521 647 verum
555 620 640 646 esse
674 607 901 658 declaravit,
934 620 1146 658 numquam
1174 610 1367 659 privatum
1401 621 1486 647 esse
1521 621 1577 646 sa-

21 669 215 720 pientem,
260 669 382 706 iratus
427 666 582 705 videtur
627 667 747 705 fuisse
786 666 843 704 Ti.
877 666 1051 705 Graccho
1099 673 1197 717 tum,
1243 679 1331 705 cum
1376 667 1578 705 consulem

20 725 273 776 languentem
305 725 462 776 reliquit
501 730 616 775 atque
657 727 739 775 ipse
779 726 970 776 privatus,
1013 731 1055 763 ut
1096 727 1127 762 si
1170 725 1307 763 consul
1349 732 1470 775 esset,
1512 727 1578 776 qni

22 795 106 823 rem
139 784 332 835 publicam
366 783 509 822 salvam
542 796 626 821 esse
661 783 820 835 vellent,
857 796 898 822 se
932 785 1043 834 sequi
1076 785 1201 822 iussit.
1264 783 1402 822 Nescio
1436 784 1576 834 ecquid
1594 793 1637 824 52

21 843 98 894 ipsi
130 854 200 880 nos
234 842 387 881 sortiter
426 843 464 880 in
505 854 546 880 re
586 841 740 892 publica
780 842 1008 881 fecerimus:
1046 844 1078 880 si
1117 842 1209 892 quid
1250 843 1432 893 fecimus,
1470 848 1577 880 certe

21 901 112 940 irati
144 913 222 939 non
255 900 429 939 fecimus.
492 900 549 938 An
582 906 642 939 est
681 902 890 951 quicquam
922 901 1088 939 similius
1126 902 1298 939 insaniae
1339 913 1454 951 quam
1493 898 1578 939 ira?

23 969 141 1010 quam
173 959 272 998 bene
305 959 455 997 Ennius
488 960 643 997 initium
676 959 773 997 dixit
804 960 987 998 insaniae.
1052 959 1166 997 Color
1199 972 1288 1011 vox,
1331 959 1432 998 oculi
1466 960 1578 1010 spiri-

22 1022 105 1070 tus,
137 1019 352 1069 inpotentia
385 1017 580 1056 dictorum
622 1030 665 1055 ac
708 1018 899 1056 sactorum
942 1029 1056 1069 quam
1098 1023 1248 1069 partem
1290 1017 1435 1056 habent
1477 1019 1576 1056 sani-

21 1073 141 1115 tatis?
204 1076 305 1121 Quid
338 1075 485 1114 Achille
517 1075 724 1114 Homerico
759 1076 928 1128 foedius,
968 1077 1060 1127 quid
1094 1078 1382 1127 Agamemnone
1423 1078 1460 1114 in
1500 1078 1577 1114 iur-

21 1131 114 1185 gio?
175 1134 271 1173 Nam
310 1134 464 1173 Aiacem
504 1134 662 1184 quidem
704 1136 759 1173 ira
799 1135 844 1173 ad
885 1135 1058 1173 furorem
1098 1140 1342 1185 mortemque
1382 1135 1576 1185 perduxit.

20 1191 107 1231 Non
139 1194 259 1243 igitur
291 1193 488 1231 desiderat
520 1193 707 1231 fortitudo
741 1193 963 1232 advocatam
997 1193 1257 1231 iracundiam:
1300 1195 1394 1231 satis
1427 1199 1486 1231 est
1520 1195 1575 1230 in-

21 1256 188 1302 structa,
226 1256 376 1303 parata,
415 1257 561 1290 armata
603 1264 672 1302 per
714 1263 812 1290 sese.
874 1251 971 1290 Nam
1013 1253 1087 1290 isto
1130 1251 1287 1302 quidem
1330 1251 1444 1289 modo
1486 1251 1575 1290 licet

21 1309 152 1348 dicere
180 1309 314 1349 utilem
342 1309 591 1348 vinolentiam
622 1310 667 1348 ad
701 1309 988 1362 fortitudinem,
1022 1310 1157 1348 utilem
1185 1312 1302 1349 etiam
1328 1310 1576 1361 dementiam,

21 1367 126 1420 quod
158 1375 197 1408 et
228 1370 356 1407 insani
387 1374 426 1407 et
458 1368 556 1406 ebrii
589 1368 708 1407 multa
741 1369 889 1407 faciunt
921 1381 1036 1420 saepe
1065 1369 1347 1407 vehementius.
1411 1370 1577 1420 Semper

20 1426 114 1466 Aiax
148 1428 277 1479 fortis,
310 1427 548 1466 fortissimus
581 1433 708 1466 tamen
742 1429 782 1465 in
816 1428 966 1479 surore3
1000 1440 1088 1466 nam

137 1497 302 1546 sdcinus
331 1497 431 1546 feeit
462 1496 697 1545 ma'ximwn,
731 1509 820 1536 cum
854 1496 1010 1536 Dcinae‘s
1043 1496 1329 1536 inclinantibus

139 1554 330 1595 summa'm
363 1568 446 1595 rem
474 1555 668 1605 perfecit,
701 1568 823 1595 manu
855 1555 930 1595 suci
963 1558 1139 1595 restituit
1165 1556 1362 1606 proelium

140 1627 354 1653 insumens.

836 1715 902 1759 ist,
929 1726 968 1750 so
995 1715 1045 1750 isi,
1063 1726 1102 1749 er
1121 1716 1216 1750 auch
1237 1715 1349 1750 allein
1370 1728 1450 1750 zum
1468 1716 1577 1750 Herr-

837 1762 941 1797 scher
965 1763 1144 1807 befahig’c.

19 1715 85 1750 ihn
119 1715 158 1749 in
192 1716 314 1750 Athen
349 1715 432 1750 dem
467 1715 612 1760 Apollo.
665 1715 761 1750 Plut.

21 1761 130 1798 Thes.
160 1766 213 1797 14.

0 1833 2 1852 ,
68 1820 159 1854 quae
182 1810 340 1844 rationis
364 1813 414 1844 est
439 1820 581 1854 empers:
607 1808 681 1854 vgl.
703 1809 762 1844 die

0 1855 223 1898 {Definition
247 1860 266 1897 ξ
292 1859 346 1890 53.

0 1899 2 1931 }
68 1903 160 1947 Kap.
187 1903 251 1938 23.
301 1907 356 1937 51.
384 1904 574 1948 patibiles,
611 1902 693 1937 hier
724 1903 762 1937 in

0 1978 1 1981 ,
21 1949 287 1994 passivischem
308 1949 430 1984 Sinne.
476 1951 548 1984 Das
570 1950 677 1984 Wort
697 1950 762 1983 fin-

0 1996 85 2031 *det
110 1996 188 2031 sich
214 2009 283 2031 nul
307 1997 403 2031 noch
429 1997 567 2031 einmal
598 1997 659 2031 bei
687 1996 760 2032 Cic.

20 2042 96 2077 und
122 2054 219 2078 zwar
244 2043 429 2078 aktivisch
455 2044 670 2088 gebrauchb.
716 2044 761 2078 de

21 2089 119 2125 deor.
145 2102 180 2126 n.
212 2089 265 2124 III
302 2095 362 2134 12,
396 2094 439 2125 29
478 2101 624 2135 eumque
661 2101 763 2126 omne

21 2137 162 2172 animal
180 2138 372 2182 patibilem
396 2141 568 2173 naturam
593 2138 732 2173 habeat.

72 2183 116 2218 P.
143 2183 268 2228 Scipio
293 2184 434 2219 Nasica
459 2185 612 2228 Serapio
642 2185 761 2219 totete

24 2234 90 2265 133
118 2230 174 2265 als
199 2230 437 2265 Privatmann
469 2243 517 2265 an
548 2231 611 2266 der
638 2231 761 2276 Spitze

22 2277 87 2317 der
112 2276 328 2322 Optimaten
354 2278 426 2313 den
451 2277 532 2312 Tib.
561 2277 759 2321 Gracchus,

23 2322 78 2359 als
111 2324 230 2359 dieser
260 2324 355 2359 eben
386 2337 468 2359 zum
500 2324 636 2359 dritten
662 2325 759 2359 Male

21 2382 104 2405 zum
124 2371 264 2406 Tribun
284 2371 449 2416 gewahlt
467 2371 614 2406 werden
639 2372 758 2407 sollte.

22 2416 96 2452 cic.
123 2418 290 2452 erwahnt
315 2418 373 2453 die
401 2419 499 2453 That
530 2418 662 2453 immet
691 2431 761 2453 nur

20 2465 202 2499 rfihmend
238 2464 314 2499 und
352 2465 558 2510 vergleicht
601 2466 653 2500 sie
691 2465 761 2501 mit

23 2511 161 2546 seinem
185 2511 383 2546 A11ftreten
407 2523 528 2557 gegen
555 2511 726 2547 Catilina.

69 2569 265 2603 numnquam
279 2559 468 2602 privatum
487 2560 573 2604 cet„
594 2559 654 2594 ein
673 2560 761 2594 stoi-

23 2605 129 2640 sches
160 2605 387 2640 Paradoxon.
439 2605 538 2641 Stob.
572 2606 638 2641 ecl.
666 2606 760 2662 Hp

23 2654 92 2686 206
129 2651 224 2686 κατὰ
263 2652 373 2687 τοῦτο
412 2649 457 2696 δὴ
496 2652 559 2686 καὶ
576 2650 705 2708 μόνος
740 2650 759 2688 ὃ

23 2699 227 2739 σπουδαῖος
252 2711 359 2743 αρχει
392 2699 456 2733 καὶ
483 2698 517 2734 εἰ
541 2696 588 2754 μὴ
615 2697 762 2739 πάντως

23 2742 108 2779 κατ’
137 2742 348 2801 ἐνέργειαν,
380 2759 475 2781 κατα
512 2744 688 2780 διάθεσιν
720 2745 761 2781 δὲ

0 2791 88 2826 mal
112 2789 270 2833 πάντως.
321 2792 378 2828 Da
404 2794 468 2828 der
493 2792 617 2827 Weise
650 2793 763 2828 allein

23 2833 142 2883 vollig
166 2839 345 2883 versteht,
380 2851 454 2875 was
481 2841 548 2884 gut
573 2839 648 2874 und
673 2840 762 2875 hese

882 1810 1059 1844 consulem
1080 1810 1324 1854 laiiyuentem,
1344 1809 1428 1844 dem
1443 1810 1481 1843 P.
1498 1809 1576 1844 Mu-

836 1856 912 1890 cius
967 1856 1140 1899 Scavola,
1194 1856 1354 1890 welcher
1404 1857 1576 1898 erklarte‚

835 1902 980 1937 Gewalt
1003 1902 1108 1937 nicht
1134 1903 1337 1938 anwenden
1363 1916 1406 1937 zu
1430 1904 1576 1938 wollen.

882 1950 945 1994 qui
976 1961 1049 1984 rem
1075 1961 1113 1993 p.
1142 1971 1184 1975 -
1210 1951 1356 1993 vellent,
1394 1961 1429 1984 se
1459 1952 1577 1995 sequi:

835 1997 922 2031 Dies
949 2007 1024 2030 war
1056 1997 1115 2030 die
1149 1996 1326 2032 stehende
1358 1997 1506 2031 Formel
1539 1997 1578 2032 in

835 2043 974 2078 diesem
1001 2043 1115 2078 Faue.
1167 2044 1260 2079 Vell.
1282 2044 1362 2078 Pat.
1390 2045 1423 2078 II
1451 2049 1470 2078 3
1497 2045 1576 2079 lior-

836 2094 934 2125 iaius
969 2094 1036 2133 est,
1074 2091 1137 2135 qui
1166 2092 1304 2126 salvam
1341 2092 1468 2126 vellent
1505 2102 1577 2126 rem

829 2138 1035 2182 publicam,
1066 2149 1101 2172 se
1126 2141 1366 2182 sequerentur.
1417 2137 1499 2171 Val.
1527 2138 1575 2171 M.

835 2185 884 2218 III
911 2188 950 2227 2,
986 2189 1026 2219 17
1063 2185 1135 2229 Qui
1166 2195 1238 2219 rem
1266 2196 1304 2229 p.
1337 2186 1472 2219 salvam
1506 2195 1576 2220 esse

834 2233 977 2274 volunt,
1007 2242 1060 2266 me
1083 2235 1290 2276 sequantur.

881 2282 936 2312 52.
964 2278 1094 2313 Nescio
1114 2279 1240 2322 ecquid
1263 2279 1398 2313 driickt
1415 2278 1497 2313 hier
1516 2278 1575 2313 die

832 2326 1053 2369 Erwartung
1075 2326 1176 2360 einer
1195 2325 1389 2370 Bejahung
1414 2337 1490 2360 aus.
1539 2325 1575 2360 S.

833 2385 860 2407 z.
887 2372 921 2406 Π
949 2376 1008 2415 14,
1036 2376 1092 2406 32.

880 2420 1101 2463 inpotentia,
1135 2419 1284 2463 Mangel
1315 2430 1362 2453 an
1389 2419 1575 2454 Selbstbe-

833 2466 1077 2511 herrschung,
1103 2465 1386 2510 Masslosigkeit.

881 2513 1039 2547 Achille:
1064 2512 1170 2548 Hom.
1197 2512 1239 2548 n.
1266 2514 1280 2546 I
1310 2513 1419 2558 12‘2nf.

881 2560 992 2602 Nam,
1019 2573 1044 2594 5.
1072 2573 1099 2595 z.
1120 2560 1169 2594 III
1192 2564 1252 2603 16,
1273 2564 1328 2595 35.
1368 2560 1466 2595 Uber
1481 2560 1575 2605 Ajax

835 2619 861 2641 s.
891 2606 957 2641 Od.
985 2607 1034 2641 XI
1062 2610 1259 2642 543-560.

882 2655 1092 2689 advocatam
1111 2655 1362 2696 iracundiam,
1390 2653 1448 2688 die
1474 2653 1574 2687 Hilfe

835 2700 900 2735 des
923 2701 1070 2738 Zornes.
1108 2700 1193 2746 Vgl.
1215 2701 1247 2735 V
1269 2704 1324 2744 38,
1348 2705 1411 2734 111
1433 2701 1573 2743 sapien-

834 2747 881 2782 tis
906 2749 1076 2792 coyitatio
1106 2759 1180 2782 ‘non
1210 2748 1318 2791 ferme
1350 2748 1398 2781 acl
1428 2747 1574 2780 investi-

834 2795 996 2839 9amlum
1021 2795 1165 2829 adhibet
1190 2795 1309 2829 oculos
1335 2794 1536 2827 advocatos.

882 2841 1028 2883 facinus
1047 2841 1141 2883 feeit.
1176 2843 1250 2875 Aus
1266 2840 1443 2874 welchem
1458 2838 1575 2874 Stiick
