1790 3103
155 69 211 110 66
679 66 727 102 M.
755 67 917 102 TULLII
942 65 1198 102 CICERONIS

1748 152 1756 166 1.

157 185 264 218 stans
309 184 348 216 et
391 189 411 215 a
457 189 498 216 se
543 178 627 228 ipsa
671 177 919 216 dissentiens.
981 177 1037 215 Ita
1075 177 1117 215 fit
1155 182 1199 215 ut.
1240 178 1279 215 in
1313 176 1433 216 altera
1465 179 1719 228 corruptione
1744 171 1754 218 ³2

155 237 383 288 opinionum
417 234 579 275 morbus
606 236 798 274 efficiatur
824 241 863 273 et
895 236 1128 286 aegrotatio,
1159 236 1199 273 in
1232 235 1352 273 altera
1384 237 1646 275 inconstantia
1678 241 1718 276 et
1747 238 1761 288 ᾖ

155 295 425 346 repugnantia.
487 293 573 333 Non
605 296 710 333 enim
743 306 856 332 omne
889 295 1026 331 vitium
1058 305 1173 344 pares
1204 293 1322 332 habet
1353 293 1640 347 dissensiones,
1671 300 1716 334 ut
1751 302 1758 333 ¹.

156 365 313 405 eorum,
347 354 414 404 qui
446 365 524 391 non
556 352 669 404 longe
703 364 724 390 a
756 353 944 403 sapientia
976 351 1136 403 absunt,
1168 351 1334 390 adfectio
1369 358 1429 391 est
1459 352 1523 391 illa
1555 352 1716 403 quidem
1751 370 1761 386 r

156 385 385 463 discrepans
413 411 487 450 sibi
514 413 616 462 ipsa,
649 412 740 450 dum
768 415 826 448 est
852 411 1062 462 insipiens,
1096 410 1163 448 sed
1196 422 1273 448 non
1301 410 1466 449 distorta
1492 423 1564 449 nec
1590 423 1763 462 prava.

156 469 283 508 Morbi
316 477 446 509 autem
479 476 518 508 et
550 470 837 519 aegrotationes
876 474 1009 519 partes
1049 474 1142 507 sunt
1180 470 1421 521 vitiositatis,
1459 469 1527 507 sed
1565 475 1720 520 pertur-

97 540 142 571 30
157 528 335 568 bationes
370 530 499 567 sintne
527 528 703 566 eiusdem
729 533 860 578 partes
888 528 1064 577 quaestio
1099 516 1168 565 es't.
1220 526 1319 566 Vitia
1346 501 1450 566 eni⁷m
1476 528 1720 567 adfectiones
1756 527 1765 570 ’,ἓ

158 592 250 627 sunt
288 593 510 638 manentes,
553 585 872 637 perturbationes
918 590 1047 627 autem
1091 591 1311 638 mov,entes
1355 593 1400 625 ut
1443 598 1521 624 non
1566 588 1721 637 possint

157 646 423 685 adfectionum
456 646 698 683 manentium
740 649 872 695 partes
914 656 1012 682 esse.
1075 645 1202 695 Atque
1247 650 1291 683 ut
1330 645 1372 683 in
1413 644 1523 683 malis
1565 645 1722 696 attingit
1763 655 1766 666 ··

157 705 277 743 animi
316 708 495 742 naturam
535 704 712 754 corporis
755 702 988 755 similitudo,
1032 704 1088 740 sic
1132 704 1171 741 in
1218 702 1351 755 bonis3
1397 709 1490 742 sunt
1527 705 1630 742 enim
1680 704 1721 741 in

158 775 323 814 corpore
356 763 583 814 praecipua,
616 761 814 813 valetudo,
847 762 966 812 vires,
999 761 1268 813 pulchritudo,
1302 762 1484 813 firmitas,
1514 761 1718 800 velocitas:

158 826 251 860 sunt
281 822 376 859 item
407 822 447 859 in
480 822 620 859 animo
683 820 733 858 Ut
765 821 870 858 enim
911 821 1089 870 corporis
1127 822 1378 872 temperatio,
1417 832 1506 859 cum
1545 832 1591 859 ea
1629 832 1720 858 con-

158 885 306 932 gruunt
344 881 447 918 inter
486 891 546 931 se,
590 892 609 917 e
651 878 794 929 quibus
834 884 1077 930 constamuS‚
1123 880 1267 917 sanitas
1314 881 1369 917 sic
1408 880 1527 917 animi
1565 878 1724 930 dicitur,

159 951 248 977 cum
282 939 367 976 eius
399 938 542 976 iudicia
575 938 859 988 opinionesque
893 936 1152 987 concordant,
1186 949 1308 988 caque
1342 938 1460 975 animi
1492 942 1550 975 est
1585 939 1723 988 virmS,
1767 928 1775 936 '¹

160 1009 277 1048 quam
322 996 384 1034 alii
428 998 552 1047 ipsam
598 997 897 1046 temperantiam
942 995 1079 1033 dicunt
1124 1007 1228 1048 esse,
1279 995 1340 1033 alii
1386 995 1723 1046 obtemperantem

160 1055 443 1106 temperantiae
475 1055 697 1105 praeceptis
730 1060 768 1092 et
801 1065 885 1092 eam
919 1053 1227 1104 subsequentem
1260 1066 1331 1092 nec
1366 1053 1575 1093 habentem
1606 1053 1725 1092 ullam

161 1115 334 1165 speciem
367 1125 496 1165 suam,
530 1113 597 1151 sed
631 1114 710 1151 sive
744 1112 817 1151 hoc
852 1113 930 1151 sive
969 1112 1063 1150 illud
1103 1113 1171 1164 sit,
1208 1114 1249 1150 in
1289 1112 1370 1150 solo
1411 1124 1498 1151 esse
1538 1113 1724 1164 sapiente.

162 1224 345 1265 διάθεσις.
396 1226 477 1260 Den
519 1225 784 1267 Unterschied‚
828 1224 906 1260 dass

981 1237 1014 1269 p.
1040 1228 1106 1259 110
1124 1222 1259 1268 Ὥςπερ
1286 1224 1356 1270 γὰρ
1382 1222 1450 1268 τὴν
1469 1225 1536 1260 τοῦ
1558 1223 1727 1268 σώματος

161 1275 271 1308 1111161·
296 1272 491 1312 διαθέσεις
518 1272 577 1306 (116
597 1271 745 1307 81011161
771 1271 907 1316 Eigen-

980 1270 1132 1316 ὐγίδιαν
1160 1274 1364 1316 δυκρασιαν
1387 1285 1486 1306 &hvon
1508 1272 1582 1306 τῶν
1610 1270 1650 1308 ἐν
1675 1272 1726 1332 τῷ

164 1320 332 1356 schaften
351 1319 565 1362 verstehen,
592 1319 651 1354 die
672 1319 739 1353 wie
760 1319 906 1363 Tagen-

163 1368 235 1402 den
273 1367 348 1401 und
386 1366 517 1401 Laster
554 1367 649 1401 nach
687 1365 787 1400 ihrer
819 1366 907 1400 Auf-

163 1415 317 1457 fassung
332 1413 432 1448 einer
447 1412 671 1458 Steigerung
684 1413 788 1447 nicht
803 1411 909 1458 fahig

164 1462 262 1505 sind,
289 1460 376 1495 lasse
402 1460 475 1496 Cic.
502 1460 738 1494 unbeachtet.

210 1509 251 1543 in
278 1509 413 1549 altera,
437 1507 602 1542 n'amlich
627 1508 835 1542 vitiositate.

204 1565 315 1599 pares
340 1555 444 1589 habet
469 1554 636 1597 dissens,
663 1552 769 1588 nieht
794 1554 832 1588 in
853 1554 908 1598 je-

163 1602 228 1636 der
247 1602 297 1636 ist
317 1601 381 1635 der
395 1600 595 1645 Zwiespalt-
615 1601 679 1635 der
693 1600 908 1644 Gedanken,

164 1647 569 1693 &Villens'ausserungen
590 1648 665 1682 und
680 1648 909 1683 Grundsatze

164 1695 289 1740 gleich
333 1695 445 1739 gross.
497 1696 619 1729 Wenn
663 1695 722 1729 die
762 1695 910 1729 Stoiker

164 1742 259 1778 auch
295 1743 368 1776 alle
394 1742 648 1777 Nichtweisen
679 1743 737 1776 fiir
763 1742 910 1776 Thoren

165 1790 370 1833 erklartem
411 1799 450 1823 so
490 1789 695 1833 gestanden
727 1789 779 1823 sie
816 1789 911 1823 doch

165 1837 271 1871 einen
317 1835 562 1871 Unterschied
613 1836 794 1870 zwisehen
840 1835 911 1870 den

166 1884 230 1918 der
244 1883 429 1917 Weisheit
453 1883 570 1917 nither
597 1883 684 1917 oder
709 1883 912 1917 entfernter

165 1931 370 1965 stehenden
398 1942 452 1964 zu.
500 1929 533 1963 S.
556 1929 616 1964 die
633 1930 910 1974 Beschreibung

165 1989 238 2012 von
269 1977 353 2011 dem
386 1977 549 2011 Zustand
589 1977 652 2011 der
680 1978 910 2021 proficientes

164 2023 224 2059 bei
254 2023 336 2058 Sen.
365 2035 421 2068 ep.
450 2027 512 2067 75,
539 2029 570 2058 9.

214 2074 268 2106 30.
297 2074 480 2105 manentes
507 2090 549 2095 —
576 2074 769 2113 moventes,
803 2070 909 2104 dau—

166 2118 302 2153 ernde
323 2138 366 2142 —
388 2117 693 2159 wechselnde‚
723 2115 762 2152 ἐν
791 2117 911 2161 σχέσει

168 2185 210 2190 -
239 2162 280 2199 ἐν
306 2162 451 2208 κινήσει
478 2160 581 2199 ὄντα.
631 2176 784 2207 movet-,e
812 2164 912 2198 steht

166 2211 247 2246 hier
271 2212 417 2246 neutra]
437 2211 497 2245 fur
516 2222 551 2246 se
572 2222 723 2253 movet-,e
749 2213 789 2245 in
816 2215 913 2245 motu

167 2269 247 2293 esse.
299 2259 333 2294 S.
370 2271 398 2293 z.
435 2259 450 2292 I
486 2262 504 2300 ἓ
543 2262 597 2292 53.
648 2259 698 2292 III
732 2262 750 2300 ξ
780 2263 820 2293 17
849 2269 912 2302 ap·

162 2309 331 2350 petentes.
389 2305 433 2339 de
471 2305 532 2339 fin.
572 2305 605 2339 II
646 2309 700 2348 10,
739 2310 782 2340 31
829 2309 914 2340 utra

167 2353 351 2396 voluptate
370 2352 610 2394 diiudicabit,
636 2356 753 2387 stante
772 2364 823 2387 an
841 2362 912 2386 mo-

168 2398 294 2434 vente?
340 2398 417 2433 Liv.
439 2398 575 2432 XXXV
596 2403 652 2442 40,
675 2404 693 2434 7
716 2404 814 2434 terra
839 2400 914 2434 dies

169 2446 537 2491 duodequadrayinta
575 2447 686 2480 movit
731 2447 913 2490 (bewegte

170 2494 274 2536 sich).
325 2493 357 2527 V
384 2497 440 2536 25,
469 2497 489 2528 6
510 2493 654 2536 praeda
679 2505 769 2537 qaae
794 2504 914 2527 rerum

168 2541 384 2575 moventium
409 2541 465 2575 sit.
517 2540 590 2574 Far
614 2539 688 2573 den
713 2539 916 2575 Gedanken

170 2587 245 2631 vgl.
274 2587 374 2622 Stob.
402 2587 469 2622 ecl.
497 2586 591 2631 Hp.
620 2590 663 2620 92
694 2584 916 2630 αφροσύνην

171 2633 239 2679 μὲν
265 2633 329 2668 καὶ
355 2631 561 2667 ἀκολασίαν
594 2647 657 2667 και
690 2631 843 2668 οἷὸικιάν
870 2654 913 2658 -

170 2682 305 2720 κακίας
331 2679 445 2723 εἶναι,
481 2677 616 2735 λύπην
636 2679 677 2715 δε
704 2682 767 2716 καὶ
794 2679 913 2725 φόβον

171 2728 234 2762 καὶ
255 2725 300 2762 τὰ
315 2725 557 2771 παραπλήσια
572 2740 641 2762 ουκ
659 2726 755 2763 εἷναι
770 2729 914 2766 κακίας.

226 2774 270 2809 Ut
303 2776 398 2809 em'm
434 2775 595 2818 corporis
627 2776 695 2809 0613.
748 2776 916 2811 Genauer

171 2823 221 2856 ist
247 2822 312 2856 der
337 2821 535 2866 Vergleieh
568 2821 627 2856 bei
661 2821 760 2857 Stob.
789 2822 855 2858 ecl.
882 2820 916 2854 Π

981 1317 1123 1362 σώματι
1160 1320 1317 1375 θερμῶν
1356 1318 1420 1353 καὶ
1450 1319 1619 1375 ψυχρῶν
1662 1318 1727 1354 καὶ

982 1366 1103 1409 ξηρῶν
1142 1366 1205 1400 καὶ
1229 1363 1386 1416 ὑγρῶν,
1422 1362 1520 1400 ούτω
1556 1365 1620 1400 καὶ
1658 1363 1728 1410 τὴν

982 1414 1047 1457 τῆς
1071 1413 1195 1457 ψυχῆς
1222 1410 1370 1457 υγιέιαν
1396 1411 1601 1468 εὐκρασίαν
1628 1411 1728 1447 εἶναι

982 1461 1056 1494 τῶν
1096 1458 1137 1495 ἐν
1164 1459 1218 1515 τῇ
1257 1469 1359 1505 uuam)
1393 1458 1609 1514 δογμάτων.
1652 1459 1728 1494 Καὶ

982 1504 1127 1565 ὁμοίως
1152 1502 1274 1550 ὥςπερ
1313 1504 1417 1565 ἰσχύς
1454 1507 1520 1541 τοῦ
1559 1503 1730 1562 σώματος

982 1553 1090 1593 τόνος
1111 1551 1210 1588 ἐστὶν
1231 1551 1362 1594 ἱκανὸς
1383 1551 1423 1588 ἐν
1444 1551 1609 1609 νεύροις,
1630 1549 1727 1588 οὕτω

983 1601 1047 1634 καὶ
1076 1597 1095 1643 ἡ
1123 1601 1188 1643 τῆς
1213 1601 1337 1645 ψυχῆς
1364 1597 1467 1644 ἰσχὺς
1492 1598 1601 1640 τόνος
1627 1597 1728 1635 ἐστὶν

984 1646 1114 1687 ἱκανὸς
1141 1645 1183 1682 ἐν
1208 1648 1257 1693 τῷ
1285 1649 1428 1691 κρίνειν
1454 1647 1518 1682 καὶ
1549 1659 1729 1691 πραττειν

984 1695 1049 1729 καὶ
1075 1691 1135 1738 μή.

1032 1753 1140 1786 quam
1165 1742 1234 1776 alii
1260 1763 1303 1767 —
1330 1743 1613 1786 temperantiam.
1660 1741 1729 1776 Die

985 1790 1224 1833 temperantia
1264 1789 1352 1824 oder
1399 1786 1623 1833 σωφροσύνη
1667 1788 1730 1823 be-

985 1836 1086 1870 steht
1128 1836 1178 1869 im
1215 1836 1445 1870 besonderen
1483 1835 1605 1879 daria,
1650 1835 1730 1870 dass

985 1882 1044 1917 die
1065 1882 1197 1917 Triebe
1218 1883 1283 1917 der
1303 1883 1487 1918 Vernunft
1505 1882 1730 1927 gehorchen‚

984 1929 1069 1964 teils
1102 1930 1191 1964 aber
1223 1930 1345 1973 darin,
1385 1929 1464 1964 dass
1501 1930 1567 1964 das
1593 1929 1730 1964 Natur-

984 1976 1059 2010 und
1085 1976 1434 2021 Vernunftgemasse
1460 1977 1512 2011 im
1537 1975 1729 2021 allgemei-

982 2034 1055 2057 nen
1081 2024 1249 2057 bewahrt
1274 2024 1376 2058 wird.
1428 2023 1463 2058 S.
1491 2036 1519 2058 z,
1546 2023 1598 2057 III
1619 2027 1651 2067 8,
1674 2027 1728 2058 17.

983 2070 1038 2103 Im
1057 2070 1235 2104 letzteren
1257 2069 1367 2104 Sinne
1388 2071 1541 2105 wollten
1566 2069 1730 2105 einzelne

985 2116 1049 2152 der
1098 2118 1337 2160 temperantia
1387 2117 1447 2151 die
1498 2116 1731 2152 Gesundheit

984 2163 1251 2208 gleichsetzen‚
1278 2164 1454 2198 wahrend
1474 2164 1610 2198 andere
1628 2164 1730 2198 diese
1789 2171 1790 2188 ³

985 2211 1041 2245 als
1081 2210 1162 2245 eine
1206 2210 1324 2246 blosse
1363 2210 1472 2245 Kraft
1514 2211 1579 2245 der
1624 2209 1730 2245 86616

986 2254 1221 2301 (αθεώρητος
1245 2255 1377 2302 ἀρετή)
1397 2269 1471 2292 von
1490 2258 1555 2292 der
1575 2257 1730 2302 Tugend

987 2305 1042 2339 als
1082 2305 1201 2339 einem
1240 2305 1307 2339 auf
1342 2305 1459 2339 einem
1487 2304 1635 2339 Wissen
1669 2305 1730 2339 be-

986 2352 1176 2386 ruhenden
1197 2352 1379 2386 Zustande
1399 2351 1584 2386 schieden.
1622 2351 1729 2396 Diog.

987 2399 1056 2433 VII
1083 2402 1138 2433 90.
1190 2398 1290 2434 Stob
1319 2399 1384 2433 ecl.
1416 2398 1449 2433 II
1482 2410 1516 2443 p.
1553 2402 1630 2433 110.
1682 2398 1730 2433 So

987 2445 1263 2480 unterseheidet
1295 2445 1410 2480 sehon
1440 2445 1548 2480 Plato
1565 2445 1652 2499 l.eg
1680 2445 1730 2479 IV

990 2497 1089 2527 710a
1114 2492 1173 2526 die
1199 2491 1374 2548 δημώδης
1400 2489 1624 2536 σωφροσύνη
1657 2503 1731 2526 von

990 2541 1055 2574 der
1080 2540 1147 2573 auf
1169 2537 1350 2584 φρόνησις
1375 2539 1623 2574 bernhenden.

1037 2597 1101 2621 nee
1119 2587 1303 2621 habentem
1323 2587 1436 2621 ullam
1454 2587 1603 2630 speciem
1615 2596 1731 2628 suam,

989 2635 1041 2668 sie
1072 2635 1168 2668 trete
1200 2633 1305 2668 nicht
1337 2632 1567 2677 selbst‘andig
1600 2633 1638 2667 in
1671 2633 1732 2666 (116

988 2681 1257 2725 Erscheinung,
1297 2680 1456 2715 sondern
1491 2691 1559 2714 nur
1589 2680 1628 2714 in
1659 2679 1731 2714 den

990 2727 1210 2773 Tugenden,
1242 2727 1407 2761 welchen
1434 2725 1486 2760 sie
1512 2737 1557 2760 zu
1583 2726 1731 2762 Grunde

988 2774 1090 2819 liegt.
1142 2773 1217 2809 Das
1236 2773 1431 2818 Gegenteil
1457 2773 1507 2808 ist
1531 2777 1550 2816 ξ
1578 2777 1621 2808 29
1647 2774 1732 2818 ipsa

989 2832 1032 2855 ea:
1057 2832 1091 2855 se
1117 2822 1286 2856 cernitur.
