1790 3103
265 77 659 114 TUSCULANARUM
685 77 1082 114 DISPUTATIONUM
1110 79 1168 115 Ill.
1197 83 1344 116 54—57.
1518 79 1574 121 33

35 227 37 229 ,
151 188 297 240 Duplex
339 194 399 227 est
438 189 557 239 igitur
597 189 695 227 ratio
736 189 817 226 veri
857 188 1096 239 reperiendi,
1140 200 1215 227 non
1259 191 1297 227 in
1342 191 1388 228 iis
1433 189 1570 241 solum,
1586 198 1628 228 56

30 259 133 301 quae
164 247 280 299 mala,
311 247 379 286 sed
411 248 450 286 in
483 248 530 286 iis
561 248 694 298 etIam,
726 258 824 297 quae
856 245 955 284 bona
982 246 1172 284 videntur.
1225 247 1320 286 Nam
1353 255 1419 287 aut
1450 250 1572 299 ipsius

32 308 91 348 rei
121 311 259 345 natura
291 305 415 357 qualis
446 312 486 344 et
516 311 659 356 quanta
696 306 747 344 sit
784 306 1026 356 quaerimus,
1064 311 1107 343 ut
1143 304 1190 343 de
1230 313 1456 357 paupertate
1496 319 1573 346 non

31 376 262 417 numquam,
299 365 411 403 cuius
449 376 548 402 onus
585 363 817 415 disputando
855 363 1027 402 levamus
1065 363 1267 415 docentes,
1306 376 1420 414 quam
1460 378 1573 416 parva

30 428 72 464 et
102 435 216 474 quam
247 434 368 474 pauca
401 424 480 461 sint
511 434 608 473 quae
642 427 779 461 natura
811 421 1025 473 desideret,
1064 428 1130 460 aut
1168 434 1187 459 a
1223 421 1445 473 disputandi
1484 423 1573 462 sub-

31 481 169 523 tilitate
195 483 410 520 orationem
442 481 487 520 ad
520 481 694 531 exempla
721 480 972 519 traducimus.

1034 479 1104 518 Hic
1133 480 1313 519 Socrates
1340 493 1573 520 commemo-

31 545 160 593 ratur,
191 540 254 578 hic
287 539 494 592 Diogenes,
526 539 589 578 hic
622 539 882 577 Caecilianum
913 539 1026 577 illud:

261 611 389 659 Saepe
420 616 476 649 est
507 612 625 649 etiam
657 609 727 649 suh
755 612 917 659 palliolo
949 610 1111 648 so'rdmo
1142 609 1352 658 sapientia.

30 680 129 720 Cum
161 682 262 719 enim
296 682 536 731 paupertatis
567 692 643 719 una
676 680 886 731 eademque
920 681 970 718 sit
1002 682 1075 731 vis,
1112 679 1294 730 quidnam
1328 679 1403 718 dici
1435 685 1576 732 potest,

30 751 146 791 quam
179 739 227 777 ob
260 751 342 777 rem
375 738 413 777 C.
440 738 617 778 Fabricio
644 738 854 777 tolerabilis
887 750 930 777 ea
962 739 1098 790 fuerit,
1130 738 1194 777 alii
1225 744 1368 789 negent
1399 751 1439 777 se
1473 739 1577 777 ferre

29 794 176 851 posse?
235 797 335 836 Huic
373 798 492 848 igitur
529 797 640 836 alteri
677 799 811 849 generi
850 797 987 836 similis
1024 803 1084 836 est
1122 809 1166 836 ea
1203 799 1301 836 ratio
1341 797 1576 849 consolandi,
1591 806 1634 837 57

31 867 130 908 quae
175 855 289 895 docet
330 856 496 894 humana
539 868 624 895 esse
666 868 763 907 quae
805 855 1028 895 acciderint.

1089 855 1175 894 Non
1220 857 1323 894 enim
1367 855 1404 894 id
1450 856 1576 894 solum

29 916 205 954 continet
235 926 280 953 ea
312 914 540 967 disputatio,
573 920 616 954 ut
647 916 907 966 cognitionem
934 914 1082 954 adserat
1112 916 1267 966 generis
1299 914 1475 967 humani,
1508 914 1576 953 sed

29 973 221 1024 significat
264 973 477 1012 tolerabilia
522 986 607 1012 esse
649 986 746 1025 quae
792 979 830 1012 et
873 973 1035 1012 tulerint
1079 980 1117 1012 et
1162 974 1286 1012 ferant
1324 975 1457 1012 ceteri.

28 1037 258 1084 paupertate
299 1033 442 1083 agitur:
486 1032 597 1072 multi
637 1034 829 1084 patientes
871 1044 1064 1084 pauperes
1110 1038 1484 1084 commemorantur3
1528 1032 1575 1071 de

28 1091 315 1130 contemnendo
347 1091 513 1130 honore:
545 1091 656 1130 multi
688 1090 908 1130 inhonorati
940 1092 1197 1142 proferuntur
1229 1097 1267 1130 et
1300 1091 1456 1142 quidem
1489 1104 1576 1142 pro-

27 1156 117 1201 pter
149 1150 186 1188 id
224 1151 352 1200 ipsum
390 1149 602 1202 beatiores,
639 1161 874 1201 eorumque,
913 1151 979 1200 qui
1017 1151 1208 1201 privatum
1248 1151 1370 1189 otium
1409 1152 1576 1201 negotiis

28 1207 196 1259 publicis
234 1207 517 1260 antetulerunt,
555 1209 782 1246 nominatim
821 1210 896 1247 vita
941 1208 1137 1260 laudatur,
1182 1221 1253 1247 nec
1298 1208 1436 1247 siletur
1480 1208 1574 1247 illud

29 1267 290 1318 potentissimi
334 1268 437 1318 regis
481 1273 749 1318 anapaestum,
794 1268 860 1317 qui
904 1266 1034 1306 laudat
1077 1273 1291 1322 senem-et
1334 1268 1575 1306 fortunatum

28 1379 92 1414 sei.
142 1379 215 1414 Das
241 1382 337 1414 wiire
369 1379 457 1415 aber
489 1380 569 1415 eine
602 1383 763 1425 ungenfi-

27 1426 147 1472 gende
160 1426 425 1472 Entgegnmg,
441 1437 505 1461 aus
521 1427 586 1461 der
598 1429 763 1462 nament—

27 1473 104 1508 lich
127 1473 233 1508 nicht:
263 1473 328 1509 das
359 1473 471 1518 foIgt,
502 1485 577 1509 was
608 1475 690 1510 hier
720 1487 764 1511 zu

29 1519 211 1555 beweisen
247 1520 312 1565 ist,
356 1520 534 1564 namlich‚
579 1521 659 1556 dass
698 1521 762 1556 das

26 1566 280 1602 Unerwartete
311 1568 414 1602 nicht
441 1567 555 1603 allein
580 1568 763 1603 imstande

26 1612 88 1658 ist,
102 1613 162 1649 die
175 1613 454 1650 Bektimmernis
468 1615 762 1650 hervorzurufen.

26 1659 101 1696 Der
121 1660 314 1705 Gedanke,
335 1662 405 1696 den
426 1661 552 1697 Cicero
572 1662 763 1698 schreiben

27 1707 179 1752 musste,
216 1709 279 1743 ist:
322 1709 426 1743 Zwar
462 1708 556 1744 trifft
594 1721 660 1744 uns
698 1710 762 1744 das

25 1754 279 1790 Unerwartete
305 1755 482 1800 heftiger,
514 1756 610 1791 deun
635 1767 673 1792 es
698 1757 761 1791 be-

27 1801 154 1845 wirina,
179 1801 260 1837 dass
280 1814 348 1837 uns
369 1803 453 1845 das,
478 1814 552 1838 was
572 1815 639 1837 uns
658 1803 761 1846 trifft,

27 1847 168 1893 grosser
192 1850 395 1894 erscheint‚
429 1849 518 1884 aber
542 1850 579 1885 in
605 1851 762 1885 Bekfim-

27 1895 162 1930 mernis
180 1896 360 1931 vei-fallen
378 1896 444 1931 wir
462 1909 545 1942 nur,
572 1908 678 1932 wenn
697 1898 762 1932 wir

27 1941 109 1978 eine
124 1941 240 1978 Sache
255 1944 309 1978 als
324 1943 531 1988 Ungli'ick
557 1945 761 1980 ansehen.

29 1988 65 2024 S.
103 1993 122 2032 ἓ
160 1994 203 2024 31
242 2001 352 2035 quare
383 1992 521 2035 accipio
552 1993 711 2036 equidem
741 2004 763 2027 α

29 2035 240 2082 Cyrenaicis
252 2038 337 2073 haec
351 2049 454 2072 arma
467 2039 693 2084 —simulque
706 2040 762 2074 iu-

27 2082 108 2118 dico
154 2085 288 2119 malum
334 2086 428 2120 illud
473 2087 657 2129 opinionis
694 2097 763 2121 esse

28 2139 103 2165 non
126 2135 291 2167 naturae.
341 2131 390 2167 Es
409 2131 456 2167 ist
472 2132 576 2167 nicht
595 2133 762 2167 unwahr-

29 2176 247 2221 scheinlich‚
293 2178 371 2214 dass
412 2178 485 2214 Cic.
524 2180 763 2224 geschrieben

27 2221 94 2258 hat
124 2235 209 2259 non
239 2226 280 2260 id
311 2227 368 2269 eff.
399 2229 441 2260 ut
471 2238 528 2268 ea,
567 2238 656 2271 quae
690 2238 760 2262 acc.

27 2271 142 2306 mala
166 2272 376 2315 vid-emtum,
401 2272 477 2307 und
502 2273 582 2308 dass
609 2273 667 2308 die
693 2274 762 2308 fol-

28 2318 170 2361 genden
180 2319 306 2354 Worte
327 2320 502 2354 unechter
522 2320 650 2355 Zusatz
671 2320 761 2355 sind.

28 2363 154 2400 Damit,
173 2365 316 2401 stimmt
335 2366 501 2410 fiberein,
523 2367 600 2402 dass
622 2378 660 2402 er
678 2371 696 2410 ξ
719 2371 762 2403 74

28 2412 122 2446 auch
149 2413 214 2448 das
232 2413 459 2448 Nachlassen
486 2414 548 2448 des
568 2414 761 2449 Kummers

27 2457 131 2493 nicht
164 2460 218 2495 als
254 2459 334 2495 eine
366 2461 548 2505 VVirkung
585 2461 649 2496 der
684 2461 762 2497 Zeit

27 2514 77 2540 an
101 2505 195 2549 sich,
222 2508 378 2542 sondern
404 2508 466 2542 des
491 2507 760 2544 Nachdenkens

29 2551 228 2598 ausgefasst
251 2555 325 2589 hat.

77 2603 130 2634 56.
156 2601 198 2636 de
221 2605 450 2651 paupertate,
490 2602 579 2636 ‘was
613 2602 670 2637 die
697 2604 761 2637 Ar-

0 2651 1 2695 }
30 2647 110 2680 mut
127 2648 342 2684 anbetrifft'.
387 2649 459 2684 Der
471 2649 663 2684 Ausdruck
683 2661 761 2685 ver-

0 2702 1 2731 1
28 2690 112 2727 tritt
135 2694 203 2729 mit
227 2695 327 2731 einer
355 2695 534 2740 gewissen
553 2695 668 2731 Kiirze
701 2697 760 2731 die

0 2740 1 2744 ’
32 2735 144 2775 stelle
169 2741 267 2777 eines
286 2753 425 2787 ganzen
446 2743 580 2778 Satzes.
632 2743 676 2778 de
701 2743 759 2779 off.

31 2783 48 2838 I-
75 2789 128 2829 15,
153 2791 196 2822 47
223 2789 264 2824 de
289 2791 527 2825 benevolentia
542 2810 584 2815 —-
599 2792 761 2834 primum

30 2831 123 2867 allud
146 2839 195 2869 est
218 2836 259 2871 in
290 2837 419 2879 officio.
470 2837 517 2872 ad
541 2839 618 2872 Att.
646 2837 678 2871 II
707 2842 761 2881 16,

101 2898 219 2932 Ham-E,
241 2900 298 2926 Cic.
314 2902 430 2928 'ruscut
459 2904 482 2927 2.
497 2903 577 2927 Hest.

836 1383 856 1414 2
883 1381 925 1415 cle
945 1381 1167 1424 publicanis,
1194 1381 1345 1415 voluisse
1368 1381 1426 1415 illi
1451 1381 1575 1416 ordini

835 1428 1063 1463 commodare.
1114 1427 1161 1462 ad
1199 1428 1285 1462 fam.
1320 1428 1353 1462 II
1387 1431 1447 1472 17,
1479 1432 1499 1462 2
1531 1429 1575 1463 de

835 1475 1039 1510 rationibus
1063 1475 1279 1518 referendis,
1309 1485 1385 1510 non
1415 1478 1493 1510 erat
1518 1476 1574 1511 in-

835 1522 1053 1557 commodum
1078 1526 1110 1556 te
1133 1523 1257 1557 nullas
1282 1522 1423 1565 referre.

882 1569 1077 1613 Diogenes,
1114 1569 1178 1604 der
1216 1568 1391 1614 Cyniker‚
1431 1582 1455 1604 s.
1493 1582 1522 1604 z.
1559 1570 1571 1604 Ι

836 1619 897 1658 43,
927 1620 1004 1651 104.

883 1662 1139 1698 Caecilianum.
1210 1662 1388 1698 Caecilius
1431 1663 1572 1699 Statius

834 1721 910 1744 war
947 1710 1007 1745 ein
1037 1709 1332 1755 Freigelassener
1369 1721 1432 1744 aus
1471 1711 1573 1746 Insu-

834 1756 956 1801 brien,
982 1758 1072 1802 gest.
1096 1761 1160 1792 168
1182 1769 1213 1791 v.
1237 1757 1319 1793 Chr.
1371 1757 1477 1792 Scine
1497 1758 1574 1793 Ko-

834 1803 980 1839 modien
1006 1815 1128 1839 waren
1153 1804 1472 1849 Nachahmungen
1508 1805 1572 1840 des

834 1850 1043 1886 Menander.
1094 1851 1218 1886 Daher
1256 1851 1351 1885 auch
1389 1852 1469 1886 hier
1506 1852 1572 1887 das

833 1898 969 1942 griech.
1009 1899 1169 1942 pallium
1212 1910 1274 1932 zur
1315 1898 1573 1944 Bezeichnung

835 1945 899 1980 des
924 1947 1070 1980 Armen.

884 1991 920 2026 C.
960 1992 1160 2027 Fabricius
1196 1992 1379 2028 Luscinus
1414 1992 1571 2028 befreite

835 2039 889 2074 als
915 2039 1055 2074 Konsul
1081 2042 1148 2074 282
1171 2040 1234 2074 clas
1259 2051 1333 2075 von
1358 2039 1428 2074 den
1454 2040 1571 2075 Luca·

834 2097 922 2121 nem
964 2086 1155 2132 belagerte
1200 2087 1339 2122 Thurii.
1402 2091 1470 2122 280
1514 2087 1570 2122 als

835 2132 1037 2168 Gesandter
1080 2146 1123 2168 zu
1164 2134 1324 2178 Pyrrhus
1368 2134 1570 2179 geschickt,

833 2180 968 2215 bewies
994 2192 1033 2215 er
1059 2181 1135 2215 sich
1167 2182 1262 2216 trotz
1295 2181 1414 2215 seiner
1438 2182 1572 2217 Armub

834 2227 1121 2263 unbestechlich.
1172 2228 1253 2263 Val.
1281 2228 1328 2262 M.
1356 2228 1406 2262 IV
1432 2233 1470 2273 3,
1496 2233 1528 2263 6.

882 2279 936 2310 57.
969 2274 1070 2310 Huic
1101 2275 1206 2310 alteri
1236 2277 1374 2321 yeneri,
1405 2275 1570 2311 niimlich

828 2332 895 2365 per
921 2323 1081 2366 eicenzpla
1105 2323 1263 2357 docendi.

880 2368 971 2413 Kap.
999 2368 1062 2404 ⁴24.
1113 2370 1206 2404 illuct
1231 2373 1485 2414 anapaestum,
1515 2371 1569 2415 je-

833 2426 895 2450 nes
917 2415 1076 2451 Gedicht
1094 2416 1131 2451 in
1150 2417 1372 2461 Anapesten.
1425 2417 1471 2451 ad
1490 2417 1567 2452 Att.

832 2462 916 2497 XVI
944 2467 997 2506 11,
1024 2467 1043 2497 2
1071 2464 1146 2506 eui,
1173 2468 1213 2498 ut
1237 2465 1477 2508 Aristophani
1497 2466 1570 2498 Ao·—

833 2510 982 2544 chilochi
1004 2511 1161 2553 iambus,
1186 2512 1238 2545 sic
1262 2512 1411 2555 epistola
1437 2512 1571 2555 lonyis-

833 2557 925 2591 sima
949 2568 1106 2602 quaeque
1137 2558 1273 2602 optima
1304 2559 1454 2593 ridetur.
1505 2558 1572 2592 Bei

833 2604 1027 2649 Euripides
1058 2605 1136 2649 Iph.
1164 2604 1246 2639 Aul.
1282 2609 1324 2640 15
1359 2607 1442 2649 sagi.
1473 2606 1573 2649 Aga-

833 2662 1003 2686 memnon
1031 2664 1075 2686 zn
1101 2651 1237 2686 seinem
1264 2652 1414 2687 Diener:

1114 2699 1205 2742 ζηλῶ
1233 2711 1284 2742 σε,
1311 2699 1432 2742 γέρον,

857 2745 948 2788 ζηλῶ
975 2741 1011 2778 δ’
1039 2742 1205 2788 ἀνδρῶν,
1232 2742 1272 2785 ὃς
1297 2743 1501 2779 ἀκίνδυνον

858 2793 938 2838 βίον
964 2789 1158 2835 ἕξεπέρασ’
1187 2789 1308 2835 ἀγνώς
1333 2788 1484 2834 ἀκλεής·

855 2836 940 2878 τοὺς
966 2836 1002 2872 δ’
1031 2836 1071 2873 ἐν
1097 2843 1219 2883 τιμαῖς
1247 2833 1356 2881 ἧσσον
1384 2835 1537 2873 ἐπαινῶ.

1267 2911 1286 2929 ι’)

1520 973 1574 1012 De
1590 973 1647 1014 24
