1790 3103
339 95 736 132 TUSCULANARUM
761 94 1159 130 DISPUTATIONUM
1185 95 1227 129 V.

1255 99 1405 132 34—38.
1578 95 1659 135 115

107 203 219 245 ‘Nam
250 207 315 245 cui
342 202 441 244 viro'
473 206 601 256 inquit
633 202 694 244 ‘ex
727 216 768 243 se
801 206 887 256 ipso
920 211 1006 255 apta
1040 212 1131 244 sunt
1156 207 1302 257 omnia,
1336 217 1434 256 quae
1467 205 1513 244 ad
1546 204 1657 243 beate

103 263 312 304 vivendum
350 264 502 315 serunt,
544 275 615 302 nec
658 274 847 314 suspensa
885 262 1049 301 aliorum
1088 270 1154 302 aut
1192 263 1294 302 bono
1333 276 1424 302 casn
1465 270 1531 303 aut
1568 275 1658 302 con-

104 324 223 362 trario
268 321 441 374 pendere
493 321 558 371 [ex
604 322 765 360 alterius
809 319 977 370 eventis]
1030 327 1068 359 et
1118 333 1251 359 errare
1303 328 1514 373 coguntur,
1567 322 1658 361 huic

103 387 263 433 optume
295 381 448 419 vivendi
480 382 578 419 ratio
611 386 832 431 comparata
872 385 942 418 est.
1006 377 1076 417 llic
1115 385 1175 417 est
1212 379 1275 417 ille
1315 380 1557 431 moderatus,
1595 380 1657 418 hic

102 440 234 492 fortis,
266 439 331 478 hic
364 441 537 492 sapiens,
575 438 638 477 hic
671 445 710 477 et
741 437 995 476 nascentibus
1028 443 1067 476 et
1099 437 1329 476 cadentibus
1368 450 1456 476 cum
1496 439 1658 489 reliquis

102 497 336 550 commodis,
375 504 458 537 tum
490 498 656 536 maxime
689 496 840 548 liberis,
879 495 1033 547 parebit
1064 502 1103 534 et
1135 495 1318 534 oboediet
1355 503 1564 547 praecepto
1604 496 1657 534 illi

100 557 240 608 veteri;
279 568 407 608 neque
440 557 544 595 enim
576 554 784 593 laetabitur
816 565 1001 606 umquam
1042 566 1113 593 nec
1154 554 1344 593 maerebit
1381 555 1514 606 nimis,
1553 554 1656 604 quod

101 626 256 666 semper
301 616 340 653 in
385 627 426 653 se
471 616 554 665 ipse
600 625 756 651 omnem
800 624 911 664 spem
955 619 1121 664 reponet
1165 610 1252 651 sui.’
1320 612 1374 651 Ex
1421 613 1493 652 hoc
1537 614 1715 663 igitur37

102 672 275 713 Platonis
327 674 439 724 quasi
488 672 656 723 quodam
706 677 840 711 sancto
891 677 1135 722 augustoque
1189 671 1298 710 sonte
1349 677 1482 710 nostra
1532 672 1658 710 omnis

99 731 271 771 manabit
303 732 437 770 oratio.

218 790 328 829 Unde
361 790 481 839 igitur
507 788 630 827 ordiri
657 790 805 828 rectius
831 800 1042 839 possumus
1069 801 1184 839 quarn
1218 800 1237 827 a
1270 789 1468 827 communi
1494 794 1655 840 parente
1675 787 1727 828 13

101 845 270 888 natura?
302 859 420 900 quae,
452 847 636 899 quicquid
665 849 817 899 genuit,
854 860 932 886 non
964 847 1079 886 modo
1112 847 1270 898 animal,
1304 847 1371 885 sed
1405 849 1520 885 etiam
1553 847 1656 897 qnod

99 908 153 946 ita
185 911 317 945 ortum
349 912 455 945 esset
486 918 506 945 e
542 912 662 958 terra,
694 912 738 945 ut
770 906 960 957 stirpibus
994 907 1074 945 suis
1108 908 1320 958 niteretur,
1357 907 1397 944 in
1436 918 1507 944 suo
1546 905 1655 956 quid-

99 977 176 1016 que
208 977 354 1016 genere
387 965 607 1016 perfectum
640 977 727 1003 esse
759 964 892 1004 voluit.
955 964 1088 1016 Itaque
1129 971 1167 1003 et
1205 964 1367 1003 arbores
1406 971 1445 1003 et
1483 965 1580 1003 vites
1619 970 1659 1003 et

98 1035 162 1075 ea,
194 1035 294 1075 quae
329 1029 421 1062 sunt
452 1023 660 1062 humiliora
698 1035 826 1074 neque
867 1036 909 1062 se
948 1023 1084 1063 tollere
1124 1036 1144 1061 a
1184 1029 1288 1062 terra
1327 1023 1442 1062 altius
1480 1029 1658 1074 possunt,

97 1081 171 1120 alia
209 1094 366 1133 semper
404 1083 550 1135 virent,
594 1081 666 1120 alia
710 1081 839 1121 hieme
878 1082 1040 1133 nudata,
1084 1094 1204 1120 verno
1246 1088 1421 1133 tempore
1467 1081 1658 1132 tepefacta

97 1140 374 1193 frondescunt,
406 1152 534 1191 neque
568 1147 628 1179 est
668 1140 790 1179 ullum
824 1141 927 1192 quod
966 1153 1044 1179 non
1082 1142 1134 1179 ita
1175 1142 1299 1191 vigeat
1337 1142 1524 1180 interiore
1564 1152 1658 1191 quo-

97 1199 185 1238 dam
216 1205 325 1238 motu
359 1204 398 1238 et
429 1200 591 1253 suis·in
624 1211 780 1250 quoque
815 1199 1030 1238 seminibus
1057 1199 1236 1251 inclusis,
1271 1204 1314 1238 ut
1346 1204 1412 1238 aut
1442 1199 1560 1237 ssores
1592 1203 1660 1237 aut

97 1257 231 1309 fruges
265 1257 402 1296 fundat
432 1263 499 1296 aut
529 1258 663 1310 bacas,
695 1259 902 1308 omniaque
942 1259 981 1296 in
1023 1257 1222 1309 omnibus,
1256 1264 1446 1309 quantum
1485 1259 1524 1296 in
1563 1258 1658 1308 ipsis

96 1317 164 1369 sit,
195 1315 300 1355 nulla
331 1318 367 1355 vi
398 1315 623 1367 inpediente
656 1317 830 1367 perfecta
868 1318 957 1355 sint.
1019 1316 1187 1356 Facilius
1220 1328 1311 1355 vero
1350 1318 1467 1355 etiam
1505 1317 1544 1354 in
1582 1315 1661 1360 be·.
1677 1325 1722 1357 38

97 1453 211 1485 ροντα
257 1437 484 1483 einschiebt',
528 1440 656 1475 deutet
701 1452 739 1475 er
783 1452 842 1485 an,

96 1487 175 1523 dass
194 1498 232 1522 er
252 1487 311 1523 die
332 1468 561 1532 ιιιὼεάιιιςῒθ
575 1487 842 1533 Unabhangig-

95 1534 176 1570 keit
211 1545 285 1569 von
327 1534 411 1569 dem
448 1534 618 1569 ᾶιιΐεειθιι
659 1533 843 1570 Geschick

96 1581 202 1616 nicht
226 1581 286 1615 fiir
311 1581 478 1626 moglich
504 1581 596 1616 halt.

146 1639 190 1663 ea:
228 1629 379 1663 alterius
422 1629 572 1663 eventis:
616 1628 676 1663 die
713 1628 843 1664 Worte

100 1675 227 1710 fehlen
264 1675 325 1710 bei
362 1675 489 1718 Plato,
533 1675 584 1710 sie
623 1675 705 1710 sind
742 1676 846 1710 nicht

102 1733 172 1757 nur
185 1721 303 1766 vollig
322 1722 552 1766 fiberflfissig,
573 1721 730 1757 sondern
751 1723 846 1757 auch

100 1770 197 1804 matt
221 1769 297 1803 und
322 1769 585 1814 ungesehickb,
616 1769 664 1804 da
689 1770 846 1804 aliorum

101 1816 193 1851 bono
215 1819 282 1851 aut
300 1817 483 1851 contrario
503 1826 591 1850 casu
609 1816 845 1861 vorhergeht,

102 1862 178 1897 und
210 1862 377 1898 derselbe
413 1862 555 1908 Begriff
588 1863 658 1898 mit
695 1864 846 1898 alterius

100 1908 322 1944 bezeichnet
340 1909 450 1953 wird,
470 1910 535 1944 der
554 1910 646 1944 eben
666 1910 736 1945 mit
755 1911 845 1946 alio-

96 1967 180 1991 rum
204 1956 423 1991 bezeichneh
452 1956 511 1991 ist.
562 1967 736 2001 suspensa
758 1969 845 2001 pen-

96 2004 178 2038 dere
202 2003 440 2057 verschim'lzt
470 2004 602 2038 immer
639 2016 683 2038 zu
721 2004 841 2039 einem

96 2050 175 2095 Beg
177 2049 274 2093 rifle,
301 2050 370 2085 wie
392 2061 503 2085 unser
519 2051 572 2086 in
586 2050 650 2085 der
666 2051 841 2086 Schwebe

97 2096 277 2142 h'angen’,
302 2096 425 2132 sodass
451 2097 532 2133 eine
560 2098 735 2142 doppelte
752 2097 842 2133 Ver-

98 2144 267 2188 bindung
291 2144 362 2178 mit
384 2155 559 2189 suspensa
590 2145 666 2179 und
686 2146 843 2189 pendere

98 2190 204 2226 mcht
241 2191 415 2226 statthaft
451 2191 511 2226 ist.
560 2191 645 2236 V.gl
686 2192 731 2226 de
770 2192 840 2237 leg.

97 2248 173 2282 agr.
207 2236 242 2270 II
276 2240 338 2280 25,
375 2242 418 2272 66
452 2239 535 2273 nolo
567 2249 777 2282 suspensam
811 2242 843 2273 et

96 2285 272 2319 incertam
295 2265 431 2329 plebem
456 2285 661 2320 Romanam
690 2287 843 2320 obscura

98 2341 160 2376 spe
184 2334 217 2366 et
249 2341 355 2366 caeca
387 2333 649 2376 exspectatione
674 2333 841 2376 pendere.

145 2388 257 2422 neque
283 2379 377 2413 enim
403 2379 600 2414 laetabitur
619 2380 689 2415 cet.
728 2379 841 2415 Bent-

97 2424 158 2468 ley
185 2424 251 2459 sah
277 2425 314 2459 in
341 2425 412 2460 den
431 2425 587 2461 Worten
608 2430 627 2460 2
649 2426 841 2469 Trimeter,

96 2471 222 2507 indem
255 2482 294 2506 er
327 2473 420 2507 statt
449 2483 513 2508 nec
544 2476 610 2508 aut
641 2473 716 2507 und
751 2475 843 2509 statt

96 2521 243 2563 reponet
290 2523 402 2562 ponet
456 2519 611 2555 schrieb.
673 2520 842 2555 Ribbeck

99 2565 197 2600 sieht
222 2564 261 2600 in
287 2565 357 2600 den
382 2565 520 2601 letzten
545 2567 702 2601 Worten
733 2568 775 2602 <in
806 2578 842 2602 se

97 2613 174 2657 ipse
210 2632 253 2638 —
291 2613 352 2647 sui
389 2613 449 2647 ein
486 2612 840 2658 Dichterfragment,

99 2659 165 2694 das
199 2670 238 2694 er
270 2659 354 2694 dem
380 2659 520 2694 Teucer
558 2659 620 2694 des
657 2660 841 2695 Pacuvius

99 2706 321 2741 zuschreibt.
371 2705 419 2741 Es
463 2706 512 2741 ist
547 2706 651 2741 nieht
687 2711 841 2752 unmog-

99 2753 194 2796 lich,
224 2752 303 2787 dass
325 2752 398 2788 Cic.
421 2753 500 2788 eine
521 2753 775 2788 Reminiseenz
796 2765 842 2789 an

101 2799 182 2834 eine
219 2799 439 2835 lateinisehe
471 2799 736 2835 Dichterstelle
774 2801 844 2835 mit

100 2846 227 2882 Platos
253 2846 410 2882 Worten
436 2846 611 2882 verband.

965 1441 1057 1485 Kap.
1087 1441 1150 1476 13.
1203 1445 1258 1476 37.
1305 1441 1409 1476 Unde
1448 1441 1565 1484 iyitur
1603 1442 1663 1475 cet

916 1487 989 1523 Der
1014 1487 1156 1523 Beweis
1181 1488 1232 1523 ist
1258 1488 1394 1523 dieser:
1421 1487 1504 1522 Alle
1524 1487 1661 1522 Werke

918 1536 982 1570 der
1001 1534 1122 1570 Natur
1149 1535 1230 1569 sind
1255 1535 1293 1570 in
1318 1535 1419 1569 ihrer
1434 1535 1503 1569 Art
1521 1533 1661 1569 vollen-

917 1582 991 1624 det,
1012 1582 1077 1617 das
1093 1582 1342 1617 vollendetste
1356 1581 1406 1616 ist
1420 1582 1484 1616 der
1497 1581 1660 1623 Mensch,

917 1629 1014 1664 deun
1052 1629 1130 1663 sein
1157 1629 1261 1664 Geist
1298 1629 1391 1663 wird
1430 1627 1661 1672 vollstandig

919 1676 1155 1720 ausgebildet
1186 1688 1267 1710 zum
1300 1676 1496 1711 absoluten
1525 1675 1660 1710 Geiste.

919 1722 1134 1767 Glfickselig
1171 1723 1234 1766 ist,
1272 1734 1346 1757 was
1380 1723 1418 1757 ιιι
1450 1722 1569 1757 seiner
1594 1721 1662 1756 Art

918 1770 1108 1804 vollendet
1127 1769 1186 1814 ist,
1207 1770 1362 1815 folglich
1381 1769 1432 1804 ist
1447 1769 1512 1804 der
1526 1768 1661 1812 Weise‚

918 1816 1078 1851 welcher
1111 1817 1170 1852 die
1207 1827 1281 1851 von
1319 1817 1384 1851 der
1419 1817 1540 1851 Natur
1577 1815 1662 1850 dem

918 1864 1117 1899 Mensehen
1144 1864 1198 1899 als
1224 1864 1301 1898 Ziel
1327 1865 1490 1909 gesetzte
1510 1862 1661 1898 Vollen-

918 1910 1021 1956 dung
1059 1910 1219 1945 erreicht
1255 1911 1337 1955 hat,
1375 1910 1492 1955 vffllig
1529 1909 1661 1955 gliick—

920 1957 1023 2003 selig.
1059 1978 1101 1983 -—
1135 1957 1209 1992 Der
1243 1957 1384 1992 Beweis
1422 1958 1471 1992 ist
1509 1956 1660 2000 stoisch,

921 2004 1042 2048 nicht,
1076 2005 1144 2039 wie
1170 2016 1256 2039 man
1281 2005 1378 2040 nach
1404 2004 1488 2039 dem
1502 2004 1660 2039 Vorher-

915 2051 1110 2096 gehenden
1150 2052 1332 2087 erwarten
1372 2051 1498 2094 sollte,
1535 2050 1660 2095 plato-

914 2097 1030 2134 nisc-h.
1084 2098 1118 2133 S.
1145 2098 1238 2134 Einl.
1267 2102 1286 2141 ἓ
1314 2102 1369 2134 31.

963 2146 1059 2189 quod
1084 2147 1138 2181 ita
1166 2166 1209 2171 —
1238 2147 1428 2188 niteretur,
1455 2144 1520 2179 das
1540 2144 1659 2179 Pflan-

916 2193 1098 2227 zenreich.

966 2240 1052 2274 vites
1079 2239 1179 2273 steht
1199 2239 1253 2274 als
1274 2239 1436 2284 Beispiel
1454 2237 1514 2273 fiir
1535 2238 1658 2273 Strau-

917 2286 1003 2320 cher
1028 2286 1249 2331 uberhaupt.

963 2337 1139 2377 quantum
1172 2354 1215 2358 —
1248 2333 1469 2378 inpediente,
1507 2343 1546 2367 so
1584 2331 1659 2366 viel

916 2390 963 2414 an
1000 2379 1113 2414 ihnen
1153 2381 1268 2415 selbst
1305 2381 1414 2425 liegt,
1458 2390 1565 2414 wenn
1605 2378 1658 2413 sie

914 2426 1021 2461 nicht
1054 2427 1170 2462 durch
1199 2427 1338 2462 aussere
1366 2426 1545 2462 Einflfisse
1580 2436 1658 2460 ver-

915 2474 1121 2509 kiimmern.

958 2521 1123 2565 perfec-ta
1148 2522 1239 2556 sint:
1271 2520 1344 2555 Der
1377 2521 1460 2556 Satz
1492 2520 1542 2555 ist
1573 2520 1655 2554 dem

914 2567 1116 2602 Gedanken
1139 2568 1235 2602 nach
1259 2567 1327 2602 mit
1347 2578 1456 2611 neque
1475 2570 1524 2602 est
1543 2567 1658 2601 ullum

914 2626 958 2648 zu
994 2614 1208 2649 verbinden.
1258 2615 1305 2648 Es
1347 2614 1456 2649 sollte
1501 2612 1656 2648 deshalb

915 2661 980 2695 der
1019 2661 1206 2696 Indikativ
1244 2662 1386 2705 gesetzt
1423 2661 1515 2702 sein,
1561 2659 1657 2694 doeh

917 2707 1015 2742 steht
1037 2708 1100 2742 der
1122 2707 1368 2751 Konjunktiv,
1391 2707 1470 2742 wei]
1494 2707 1559 2740 der
1574 2706 1657 2739 Satz

917 2754 972 2788 als
1005 2754 1194 2799 abhangig
1224 2765 1296 2788 von
1329 2754 1412 2788 dem
1445 2752 1657 2788 Relativum

916 2802 1010 2845 quod
1045 2801 1205 2845 gedacht
1243 2801 1302 2835 ist.
1356 2800 1389 2835 S.
1426 2812 1452 2834 Z.
1492 2804 1548 2842 41,
1590 2802 1656 2833 119

917 2858 1067 2892 quorum
1094 2858 1133 2882 ea
1160 2848 1335 2882 sententia
1361 2850 1428 2890 est,
1460 2850 1501 2881 ut
1528 2867 1570 2872 ——
1596 2856 1656 2880 va-

1326 2904 1373 2939 8*
