1817 3103
187 76 242 116 74
703 74 750 110 M.
779 73 939 109 TULLII
967 72 1222 109 CICERONIS

185 197 342 237 quoque
379 186 536 237 generis
574 185 727 224 laudem
766 186 840 223 iam
879 184 1078 233 languenti
1112 183 1294 222 Graeciae
1333 185 1499 235 eripiant
1537 191 1576 223 et
1614 190 1739 222 trans-

185 246 313 284 ferant
343 246 384 283 in
422 244 521 283 hanc
559 243 714 295 urbem,
757 245 859 282 sicut
896 242 1066 293 reliquas
1105 254 1258 294 omneS,
1296 254 1394 293 quae
1434 243 1592 293 quidem
1629 248 1741 281 erant

185 303 443 354 expetendae,
477 302 605 342 studio
639 308 755 353 atque
781 302 975 340 industria
1002 313 1072 339 sua
1097 303 1264 340 maiores
1291 302 1416 339 nostri
1441 301 1739 340 transtulerunt.

183 364 312 413 Atque
351 368 550 401 oratorum
589 361 746 412 quidem
784 360 868 399 laus
906 362 958 398 ita
995 360 1111 398 ducta
1150 359 1196 398 ab
1234 359 1372 398 humili
1410 361 1514 398 venit
1551 359 1596 398 ad
1636 371 1740 398 sum-

185 433 311 473 mum,
343 427 386 460 ut
418 423 510 471 iam,
549 420 653 470 quod
686 426 822 458 natura
856 420 932 458 fert
971 420 1010 456 in
1048 418 1230 457 omnibus
1268 418 1349 456 fere
1389 418 1526 469 rebus,
1563 424 1743 456 senescat

185 480 373 530 brevique
401 486 577 530 tempore
611 479 657 517 ad
684 478 848 516 nihilum
875 482 1037 516 ventura
1065 477 1255 528 videatur3
1289 477 1533 528 philosophia
1559 482 1742 515 nascatur

185 539 332 577 Latinis
365 538 523 589 quidem
554 537 696 575 litteris
730 549 775 575 ex
814 537 874 575 his
912 535 1155 587 temporibus
1193 548 1355 587 eamque
1396 548 1466 574 nos
1504 536 1743 587 adiuvemuS,

186 609 335 648 nosque
368 599 473 647 ipsos
511 596 693 647 redargui
726 595 929 646 refellique
962 596 1165 646 patiamur.
1229 594 1340 640 Quod
1378 596 1405 633 ii
1443 595 1576 633 ferunt
1614 595 1742 632 animo

186 657 339 707 iniqu0,
376 657 443 705 qui
476 656 595 693 certis
627 654 861 706 quibusdam
893 654 1175 704 destinatisque
1208 655 1414 693 sententiis
1453 654 1563 704 quasi
1600 652 1745 691 addicti

186 721 225 753 et
257 715 477 753 consecrati
511 720 603 752 sunt
629 726 751 764 eaque
780 714 1012 752 necessitate
1039 714 1261 765 constricti,
1294 719 1337 751 ut
1368 714 1502 763 etiam,
1535 723 1633 763 quae
1666 722 1744 749 non

185 772 352 825 probare
386 773 552 824 soleant,
585 785 629 811 ea
662 778 852 823 cogantur
878 773 1118 811 constantiae
1146 784 1261 810 causa
1293 771 1522 810 defendere:
1555 782 1645 822 nos,
1677 770 1746 820 qui

186 833 389 883 sequimur
422 831 633 883 probabilia
667 844 738 870 nec
774 831 873 870 ultra
906 843 1022 882 quam
1049 833 1105 870 ad
1127 831 1184 883 id,
1217 830 1321 882 quod
1348 832 1430 869 veri
1456 829 1580 868 simile
1607 840 1743 867 occur-

186 893 255 943 rit,
287 891 471 942 progredi
502 903 729 942 possumuS‚
769 896 807 929 et
839 890 1018 929 refellere
1052 891 1135 928 sine
1167 891 1381 941 pertinacia
1420 895 1458 928 et
1495 887 1621 927 refelli
1660 889 1743 925 sine

185 949 387 989 iracundia
420 951 543 1001 parati
576 961 722 988 sumus.

150 1021 172 1051 6
307 1008 419 1054 Quod
447 1010 479 1047 si
504 1008 600 1046 haec
628 1008 755 1046 studia
783 1007 959 1046 traducta
986 1013 1102 1045 erunt
1135 1007 1181 1045 ad
1211 1012 1384 1058 nostros,
1417 1018 1465 1044 ne
1498 1004 1746 1044 bibliothecis

188 1067 346 1119 quidem
380 1066 538 1105 Graecis
577 1066 797 1118 egebimus,
842 1068 881 1104 in
926 1065 1070 1117 quibus
1114 1065 1321 1104 multitudo
1363 1065 1513 1104 infinita
1555 1063 1746 1102 librorum

130 1133 348 1200 &propter
386 1138 523 1165 eorum
569 1133 628 1164 est
671 1125 980 1177 multitudinem,
1028 1126 1094 1175 qui
1135 1126 1390 1175 scripserunt.
1453 1123 1599 1162 Eadem
1643 1123 1746 1160 enim

128 1196 144 1238 ,ᾗς
188 1186 374 1225 dicuntur
406 1198 426 1223 a
459 1184 609 1237 multis,
642 1197 689 1223 ex
721 1197 798 1235 quo
832 1183 942 1222 libris
974 1185 1103 1222 omnia
1130 1184 1385 1222 referserunt.
1450 1181 1563 1228 Quod
1595 1180 1746 1220 accidet

189 1247 306 1284 etiam
338 1246 501 1296 nostris,
539 1246 572 1282 si
604 1244 651 1282 ad
683 1243 778 1282 haec
811 1242 938 1282 studia
971 1243 1104 1293 plures
1137 1242 1409 1281 confluxerint.
1473 1241 1550 1280 Sed
1591 1252 1675 1292 eOS,
1715 1241 1745 1278 si

127 1281 144 1359 ff
189 1315 420 1356 possumus,
452 1304 684 1354 excitemus,
723 1304 790 1353 qui
828 1301 1040 1340 liberaliter
1079 1301 1223 1339 eruditi
1262 1300 1432 1339 adhibita
1471 1301 1588 1338 etiam
1626 1299 1746 1337 disse-

146 1338 302 1420 ?7’rendi
335 1362 526 1413 elegantia
559 1363 708 1400 ratione
742 1368 781 1400 et
813 1363 871 1399 via
903 1360 1239 1412 philosophantur.
1301 1359 1371 1398 Est
1410 1361 1514 1397 enim
1552 1357 1748 1409 quoddam

188 1434 313 1473 genus
340 1433 493 1472 eorum,
527 1422 593 1472 qui
626 1433 667 1459 se
697 1420 950 1471 philosophos
977 1418 1163 1471 appellari
1189 1419 1340 1471 volunt,
1367 1430 1534 1469 quorum
1562 1417 1748 1456 dicuntur

190 1493 275 1520 esse
308 1480 434 1519 Latini
468 1492 559 1518 sane
592 1479 705 1518 multi
738 1478 843 1530 libri,
880 1491 978 1530 quos
1011 1491 1088 1516 non
1121 1485 1329 1517 contemno
1362 1477 1561 1529 equidem,
1600 1477 1745 1527 quippe

189 1552 288 1592 quos
321 1551 534 1590 numquam
566 1538 745 1590 legerim3
778 1538 845 1576 sed
874 1539 963 1588 quia
990 1538 1225 1588 profitentur
1250 1538 1325 1588 ipsi
1357 1536 1429 1588 illi,
1462 1537 1528 1587 qui
1555 1547 1622 1574 eos
1649 1535 1745 1573 scri-

189 1599 304 1650 bunt,
337 1610 377 1636 se
412 1610 539 1648 neque
572 1598 755 1636 distincte
789 1609 916 1647 neque
949 1595 1177 1647 distribute,
1216 1608 1342 1646 neque
1386 1595 1583 1646 eleganter
1621 1605 1749 1644 neque

190 1662 325 1696 ornate
354 1655 540 1708 scribere,
561 1656 770 1694 lectionem
797 1658 880 1694 sine
908 1655 984 1694 ulla
1011 1655 1267 1693 delectatione
1295 1654 1467 1705 neglego.
1514 1653 1615 1699 Quid
1642 1653 1748 1691 enim

189 1717 321 1755 dicant
347 1721 385 1754 et
411 1716 504 1766 quid
531 1716 701 1754 sentiant
733 1716 776 1767 ii,
810 1716 877 1766 qui
910 1720 1001 1753 sunt
1032 1713 1079 1752 ab
1113 1726 1157 1753 ea
1188 1713 1410 1765 disciplina,
1442 1724 1556 1751 nemo
1588 1724 1639 1751 ne
1671 1723 1748 1750 me-

241 1858 272 1888 5.
298 1853 457 1897 reliquas
487 1863 623 1895 omnes,
661 1851 825 1887 ntimlich
858 1853 936 1886 lau-

190 1902 269 1943 des,
295 1899 500 1934 riihmliche
527 1900 817 1944 Bestrebungen.

1055 1851 1253 1886 disserendi
1284 1851 1480 1893 eleyantia,
1520 1848 1605 1884 ‘mit
1639 1848 1749 1893 Sorg·

1008 1897 1077 1932 falt
1102 1897 1162 1932 bei
1189 1898 1253 1932 der
1272 1896 1586 1941 Untersuchung’.
1627 1895 1660 1930 S.
1682 1907 1713 1929 z.
1733 1895 1749 1929 Ι

239 1959 330 1993 quae
355 1948 497 1992 quidem
523 1951 642 1981 erant:
680 1947 766 1991 Vgl.
793 1946 935 1982 densel-

189 1997 263 2031 ben
289 1993 489 2029 Gedanken
516 1994 531 2028 I
560 1998 594 2035 1,
624 1998 652 2028 1.

237 2045 413 2077 senescat:
466 2040 536 2075 mit
580 2041 773 2075 dex-selben
816 2040 934 2085 Klage

191 2091 282 2125 iiber
307 2089 379 2124 den
396 2087 539 2123 Verfall
565 2088 629 2122 der
653 2086 935 2121 Beredsamkeit

192 2136 358 2172 schliesst
397 2135 469 2170 Cic.
515 2134 639 2170 seinen
681 2135 814 2168 Brutus
860 2134 935 2168 und

191 2184 333 2230 spricht
358 2183 409 2217 sie
436 2182 663 2217 anderwiirts
690 2182 744 2216 oft
770 2193 844 2216 aus.

240 2243 282 2266 ea:
314 2231 369 2265 his
404 2230 638 2273 temporibus,
679 2228 832 2273 ‘infolge
871 2229 935 2263 der

186 2278 351 2324 jetzigen
376 2276 729 2318 Zeitverhiiltnisse’‚
757 2275 816 2310 die
838 2275 935 2310 viele

192 2337 277 2361 vom
305 2323 554 2359 Staatsdienst
584 2323 933 2358 zuriickschrecken.

242 2372 379 2408 addicti
417 2375 448 2405 et
484 2372 697 2405 consecrati:
736 2371 800 2404 das
839 2373 935 2405 erste

193 2421 241 2454 ist
280 2418 475 2454 stehender
507 2417 704 2452 Ausdruck
742 2429 813 2452 von
852 2417 935 2451 dem

194 2467 392 2512 Eigentum
404 2494 412 2509 ,
433 2465 497 2499 das
513 2465 614 2499 einer
626 2464 763 2499 Person
777 2464 937 2509 gericht-

194 2515 270 2549 lich
291 2513 566 2558 zugesprochen
585 2511 694 2555 wird,
718 2512 782 2545 das
803 2512 938 2546 andere

195 2572 268 2596 von
306 2560 406 2603 dem,
445 2571 520 2594 was
559 2558 658 2593 einer
691 2558 861 2594 Gottheit
895 2570 938 2592 zu

195 2609 303 2653 eigen
329 2607 496 2652 gegeben
521 2606 622 2640 wird.

243 2656 344 2690 ultra
367 2665 475 2698 quam
501 2654 549 2688 ad
574 2654 630 2695 id,
655 2653 760 2697 quod.
804 2652 818 2685 Ι
839 2656 871 2695 9,
896 2656 936 2686 17

196 2703 293 2737 ultro
311 2712 381 2746 quo
397 2701 624 2745 proyrediar,
645 2711 752 2744 quam
774 2704 821 2733 ut.
858 2698 936 2732 Liv.

196 2751 247 2784 IIl
273 2753 304 2791 8,
332 2753 352 2783 5
384 2759 457 2782 non
483 2748 582 2782 ultra
605 2759 713 2791 quam
740 2747 777 2781 in
804 2746 938 2780 Herni-

196 2807 255 2832 cos
276 2795 448 2840 procedit.

246 2848 276 2879 6.
303 2854 346 2878 ea:
371 2853 457 2887 quo,
482 2841 764 2886 infolgedessen.

1008 1949 1070 1988 23,
1105 1949 1159 1980 55.
1210 1945 1255 1980 de
1286 1945 1346 1980 fin.
1380 1944 1414 1979 II
1447 1948 1485 1987 9,
1517 1947 1561 1978 26
1590 1943 1751 1987 primum

1007 1993 1132 2027 divisit
1151 1993 1388 2037 ineleyanter,
1415 1992 1487 2026 duo
1507 1991 1601 2026 enim
1619 2000 1751 2035 yenera

1007 2050 1098 2083 quae
1129 2043 1249 2081 erant,
1286 2039 1371 2082 fecit
1408 2039 1492 2072 tria.
1519 2058 1563 2062 ——
1589 2037 1660 2072 Sed
1685 2037 1749 2071 hoc

1006 2097 1093 2121 sane
1124 2087 1365 2121 concedamus.
1418 2085 1620 2120 Contemnit
1657 2084 1752 2118 enim

1007 2134 1205 2168 disserendi
1241 2133 1471 2178 elegantiam,
1517 2131 1662 2175 confuse
1700 2131 1748 2166 lo-

1008 2182 1141 2225 quitur.

1056 2229 1195 2262 ratione
1221 2231 1252 2262 et
1276 2228 1353 2269 via,
1382 2226 1466 2261 ‘mit
1491 2225 1692 2261 Methode’.

1055 2275 1146 2319 Kap.
1186 2275 1223 2310 3.
1276 2279 1305 2309 7.
1349 2284 1460 2318 yenus
1503 2283 1641 2308 eorum.-
1685 2272 1750 2307 der

1009 2322 1137 2357 Genet.
1164 2322 1213 2356 ist
1239 2321 1393 2356 Genetiv
1417 2321 1481 2355 des
1500 2319 1640 2354 Inhalts
1665 2331 1693 2354 s.
1719 2331 1746 2354 z.

1008 2369 1023 2402 Ι
1038 2373 1057 2411 ξ
1072 2374 1127 2403 34.
1155 2368 1326 2404 Gemeint
1339 2368 1420 2403 sind
1434 2367 1548 2402 Lente
1562 2367 1631 2401 wie
1640 2367 1749 2401 Ama-

1010 2416 1117 2451 finius
1143 2416 1219 2450 und
1244 2416 1432 2458 Rabirius,
1458 2414 1531 2459 vgl.
1551 2413 1646 2448 Eiul.
1673 2416 1692 2455 ξ
1718 2417 1750 2448 7.

1058 2464 1224 2498 distincte
1267 2463 1412 2498 bezieht
1459 2461 1538 2496 sich
1584 2461 1649 2495 auf
1690 2459 1750 2494 die

1010 2511 1123 2545 Wahl
1143 2511 1207 2545 der
1221 2511 1413 2544 einzelnen
1429 2507 1656 2550 Ausdriicke‚
1677 2507 1748 2542 dis-

1011 2559 1144 2592 tribute
1197 2557 1263 2592 auf
1307 2557 1366 2591 die
1415 2555 1644 2599 Anordnung
1687 2553 1750 2588 des

1012 2605 1174 2647 Ganzan,
1195 2606 1371 2649 eleyanter
1384 2603 1524 2638 erklart
1537 2601 1615 2636 sich
1635 2600 1751 2636 durch

1011 2652 1077 2686 das
1104 2652 1212 2696 obige
1238 2651 1437 2686 disserendi
1461 2649 1648 2693 eleyantia.

1058 2700 1240 2734 lectionem
1273 2699 1350 2733 sine
1382 2718 1424 2723 —
1457 2697 1575 2731 delect.
1625 2695 1709 2740 Vgl.
1735 2695 1750 2728 I

1011 2749 1074 2789 49,
1104 2750 1168 2781 116
1194 2749 1322 2780 mortes
1347 2756 1426 2780 cum
1450 2744 1579 2788 yloria.

1058 2794 1122 2837 qui
1146 2797 1231 2828 sunt
1256 2793 1300 2827 ab
1320 2803 1362 2827 ea
1381 2791 1600 2835 disciplina:
1625 2787 1748 2824 Nach-

1012 2840 1175 2885 ahmung
1212 2840 1275 2874 des
1307 2837 1569 2873 Griechischen
1606 2833 1645 2871 οἷ
1672 2832 1748 2870 ἀπὸ
