1790 3103
121 195 176 237 33

133 247 175 277 77

136 1156 178 1187 78

123 1414 179 1455 33

137 1465 179 1496 79

188 102 246 142 44
703 100 751 134 M.
779 99 938 134 TULLII
964 98 1217 134 CICERONIS

308 210 393 249 Erit
425 212 543 261 igitur
574 211 613 248 in
647 208 977 249 consolationibus
1008 211 1131 260 prima
1163 208 1354 247 medicina
1385 208 1526 248 docere
1558 215 1624 248 aut
1648 210 1732 250 nul-
1777 255 1780 259 ¹

191 270 270 308 lum
315 269 457 308 malum
502 281 587 307 esse
631 275 697 308 aut
735 268 942 307 admodum
979 279 1157 318 parvum,
1201 267 1320 305 altera
1363 274 1402 306 et
1445 267 1491 306 de
1536 270 1732 309 communi
1768 295 1779 309 ,ι

191 328 413 367 conditione
452 330 550 366 vitae
589 333 627 366 et
664 329 840 379 proprie,
884 328 916 365 si
957 325 1049 376 quid
1091 327 1141 364 sit
1181 325 1227 363 de
1266 327 1405 377 ipsius,
1449 327 1515 377 qui
1552 333 1734 380 maereat,
1779 335 1782 337 ’

192 386 486 439 disputandum,
529 388 642 424 tertia
681 397 870 424 summam
909 396 994 423 esse
1033 384 1236 423 stultitiam
1276 384 1420 423 frustra
1459 386 1596 424 confici
1633 396 1734 425 mae-

192 458 299 497 rore,
337 458 425 484 cum
464 445 663 495 intellegas
702 444 796 482 nihil
835 455 948 494 posse
993 444 1140 494 profici.
1202 442 1296 481 Nam
1335 442 1539 482 Cleanthes
1577 443 1735 495 quidem

193 506 408 555 sapientem
440 503 682 554 consolatur,
715 504 780 553 qui
813 502 1076 541 consolatione
1110 514 1186 539 non
1218 507 1316 552 eget.
1378 501 1481 540 Nihil
1514 504 1617 541 enim
1649 514 1735 542 esse

193 562 335 602 malum
363 563 466 613 quod
493 568 607 612 turpe
636 574 711 599 non
739 563 800 612 sit,
821 563 852 599 si
879 561 1026 611 lugenti
1053 562 1307 612 persuaseris,
1328 572 1404 598 non
1431 566 1473 599 tu
1499 560 1554 599 illi
1574 561 1736 614 luctum,

193 622 261 660 sed
289 621 492 660 stultitiam
518 620 752 671 detraxeris;
785 619 953 657 alienum
980 625 1109 657 autem
1136 626 1289 669 tempus
1316 618 1491 657 docendi.
1534 619 1583 658 Et
1607 626 1737 659 tamen
1774 666 1775 669 Ἴ

192 692 270 718 non
315 681 407 717 satis
452 679 546 717 mihi
589 679 741 717 videtur
786 678 927 716 vidisse
968 678 1041 715 hoc
1080 677 1305 730 Cleanthes,
1348 679 1494 728 suscipi
1532 677 1737 729 aliquando
1774 675 1775 715 ζ

193 738 474 789 aegritudinem
507 749 622 788 posse
655 750 701 775 ex
735 749 779 775 eo
811 739 908 788 ipso,
940 736 1043 787 quod
1077 748 1162 774 esse
1195 748 1389 775 summum
1416 736 1558 775 malum
1587 736 1737 787 [Clean-
1774 735 1775 783 ἒ

194 796 298 847 thes]
337 798 420 848 ipse
459 797 634 834 fateatur.
697 795 797 840 Quid
836 797 939 834 enim
978 795 1169 846 dicemus,
1209 807 1296 833 cum
1337 794 1518 834 Socrates
1551 795 1738 835 Alcibiadi
1764 793 1775 834 ,’

191 857 469 907 persuasisset,
507 861 550 893 ut
582 856 820 906 accepimus,
860 866 949 893 eum
981 854 1075 892 nihil
1108 854 1275 891 hominis
1307 866 1392 892 esse
1426 866 1497 892 nec
1531 856 1740 906 quicquam

192 915 295 953 inter
333 913 566 953 Alcibiadem
612 925 762 951 summo
808 913 891 951 loco
939 919 1072 951 natum
1117 919 1155 951 et
1193 914 1366 963 quemvis
1406 912 1574 954 baiolum
1618 915 1773 952 inter-v

193 984 299 1025 esse,
342 985 430 1011 cum
473 984 513 1010 se
553 971 768 1010 Alcibiades
810 971 1024 1010 adflictaret
1064 971 1347 1021 lacrimansque
1387 971 1537 1010 Socrati
1574 972 1739 1023 supplex
1771 1016 1773 1023 ‚

193 1037 315 1083 esset,
356 1037 398 1069 ut
437 1030 511 1069 sibi
542 1031 726 1068 virtutem
764 1029 937 1068 traderet
975 1029 1336 1080 turpitudinemque
1377 1030 1607 1082 depelleret,
1645 1030 1738 1081 quid

193 1089 385 1141 dicemus,
424 1087 637 1127 Cleanthe?
682 1100 775 1127 num
815 1090 853 1126 in
892 1088 954 1126 illa
993 1100 1053 1140 re,
1092 1100 1190 1139 quae
1228 1088 1470 1139 aegritudine
1503 1089 1739 1128 Alcibiadem

194 1147 407 1200 adficiebat,
439 1147 527 1186 mali
559 1147 653 1186 nihil
686 1145 835 1186 fuisse?
898 1144 1028 1192 Quid?
1064 1146 1127 1185 illa
1159 1146 1324 1198 Lyconis
1357 1147 1483 1198 qualia
1515 1145 1634 1187 sunt?
1673 1149 1739 1199 qui

193 1207 477 1257 aegritudinem
510 1212 725 1245 extenuans
758 1208 886 1257 parvis
924 1207 977 1244 ait
1015 1218 1097 1244 eam
1139 1205 1256 1244 rebus
1289 1207 1452 1258 moveri,
1490 1207 1668 1246 fortunae
1701 1212 1741 1246 et

194 1267 370 1317 corporis
408 1265 682 1317 incommodis,
720 1277 797 1303 non
839 1266 956 1303 animi
994 1264 1114 1302 malis.
1178 1264 1276 1310 Quid
1316 1262 1437 1315 ergo‘?
1480 1265 1591 1317 illud,
1635 1265 1740 1317 quod

193 1324 410 1363 Alcibiades
449 1324 619 1374 dolebat,
664 1336 742 1362 non
781 1336 826 1362 ex
865 1324 981 1362 animi
1026 1323 1134 1362 malis
1173 1325 1353 1374 vitiisque
1392 1322 1622 1363 constabat?
1683 1323 1739 1363 Ad

194 1382 355 1435 Epicuri
387 1383 692 1421 consolationem
724 1384 817 1421 satis
849 1388 908 1420 est
940 1387 1028 1420 ante
1061 1382 1218 1420 dictum.

312 1442 367 1480 Ne
401 1441 464 1480 illa
496 1441 652 1492 quidem
688 1442 909 1479 firmissima
936 1440 1147 1479 consolatio
1174 1447 1244 1492 est,
1277 1453 1510 1492 quamquam
1537 1447 1575 1480 et
1600 1443 1741 1481 usitata

195 1507 254 1539 est
293 1506 331 1538 et
369 1513 482 1551 saepe
521 1500 697 1551 prodest:
741 1496 840 1537 ‘Non
880 1499 950 1538 tibi
981 1499 1054 1538 hoc
1088 1496 1185 1539 soli.⁹
1248 1499 1413 1538 Prodest
1445 1499 1538 1538 haec
1571 1500 1741 1554 quidem,

194 1565 237 1598 ut
269 1559 364 1611 dixi,
404 1559 470 1597 sed
509 1571 582 1597 nec
621 1571 775 1609 semper
814 1571 885 1597 nec
923 1558 1115 1596 omnibus.
1178 1557 1277 1597 Sunt
1309 1560 1412 1596 enim
1445 1560 1511 1609 qui
1542 1566 1743 1612 respuant,

242 1684 332 1728 Kap.
355 1683 418 1718 32.
448 1687 501 1717 77.
528 1685 706 1718 communi
731 1684 934 1718 conditione

1006 1687 1026 1717 2
1059 1682 1129 1717 Sed
1161 1683 1194 1717 si
1227 1683 1282 1717 vis
1306 1683 1406 1718 homo
1441 1693 1527 1726 esse,
1561 1685 1676 1728 recipe
1710 1687 1743 1719 te

194 1730 355 1765 schreibt
381 1729 472 1774 Cic„
508 1731 562 1765 als
595 1730 641 1765 ob
671 1730 775 1765 nicht
800 1731 933 1772 docere,

1006 1731 1053 1765 ad
1078 1740 1153 1764 nos.

195 1777 353 1812 sondern
379 1777 438 1812 ein
463 1777 624 1812 Verbum
654 1777 722 1812 wie
753 1778 933 1820 disserere,

194 1825 379 1869 disputare
404 1823 660 1869 vorherginge.

241 1882 338 1914 ream,
365 1883 390 1905 s.
419 1883 462 1905 zu
491 1876 544 1914 16,
570 1875 625 1906 35.

241 1919 446 1963 sapientem.
495 1900 567 1952 Ei'n
598 1911 752 1952 anderer
783 1919 838 1953 als
869 1918 932 1953 der

194 1964 316 1999 Weise
348 1965 439 1999 wird
471 1965 554 1999 dem
588 1965 712 2008 Satze,
750 1965 830 1999 dass
865 1977 933 1999 nur

194 2012 259 2046 das
298 2012 511 2046 Moralisch-
516 2012 704 2046 schleehte
748 2011 806 2047 ein
839 2005 932 2046 Ubel

195 2059 258 2102 sei,
291 2058 396 2093 nicht
427 2058 593 2094 Glauben
624 2059 824 2103 schenken,
855 2059 931 2093 und

195 2104 260 2139 ihn
285 2117 357 2140 von
383 2106 448 2140 der
469 2106 665 2140 Wahrheit
689 2117 733 2140 zu
759 2106 931 2140 uberzeu—

194 2163 265 2197 gen
296 2153 360 2196 ist,
400 2163 438 2187 so
468 2153 579 2197 lange
613 2165 650 2187 er
680 2164 751 2187 von
778 2152 930 2187 Leiden-

196 2200 362 2234 schaften
388 2201 510 2244 erregt
533 2201 591 2243 ist,
619 2200 722 2234 nicht.
747 2200 835 2236 Zeit.

243 2248 453 2291 aliquando,
478 2247 678 2282 bisweilen.

243 2295 406 2328 Socrates
443 2293 639 2328 Alcibiadz.
703 2293 830 2336 Quelle
868 2294 933 2328 der

195 2340 388 2375 Anekdobe
419 2340 468 2374 ist
493 2341 599 2375 Plato
627 2341 792 2397 Sympos
814 2344 882 2375 215
902 2352 932 2383 e,

196 2399 251 2422 wo
301 2387 517 2422 Alkibiades
567 2390 665 2432 sagt:
724 2384 813 2422 ὅταν
862 2385 932 2432 γὰρ

195 2431 339 2478 ἀκούω,
383 2431 475 2468 πολύ
521 2447 582 2488 μοι
623 2435 760 2479 μᾶλλον
797 2431 819 2478 ἢ
859 2435 931 2468 τῶν

195 2463 523 2539 κορυβαντιῶντων
556 2477 578 2525 ἤ
605 2494 641 2515 τε
669 2482 805 2525 καρδια
831 2483 933 2526 πηὸᾇ

196 2529 259 2562 καὶ
279 2527 424 2570 ὸάκρυα
445 2525 607 2572 ἐκχεῖται
626 2524 699 2563 ὑπὸ
721 2528 792 2562 τῶν
813 2527 931 2572 λόγων

195 2576 267 2609 τῶν
311 2572 454 2609 τούτου.
506 2575 613 2610 Diese
657 2575 805 2609 weitere
842 2576 931 2609 Aus-

196 2622 448 2667 schmiickung
464 2622 512 2656 ist
525 2622 590 2656 das
599 2622 713 2656 We1k
732 2622 830 2656 eines
850 2626 931 2667 spii-

196 2670 297 2704 teren
324 2668 583 2713 Philosophen.

243 2717 336 2750 nihil
360 2717 522 2751 hominis.
564 2716 648 2760 Vgl.
670 2717 714 2750 de
741 2715 799 2750 off.
822 2716 854 2749 II
877 2720 931 2759 14,

197 2767 240 2798 50
276 2764 362 2798 duri
401 2764 494 2797 enim
532 2763 687 2798 hominis
726 2764 778 2798 vel
807 2764 932 2807 potius

199 2811 259 2844 vix
288 2811 442 2845 hominis
471 2811 614 2844 videtur
641 2811 842 2854 periculum
873 2821 930 2844 ca-

190 2858 282 2901 pitis
307 2858 442 2900 inferre
465 2857 596 2892 multis.
636 2858 682 2892 ad
708 2859 784 2892 Att.
804 2857 854 2891 IV
877 2861 930 2901 15,

1053 1793 1107 1823 78.
1135 1788 1271 1833 Lycon,
1297 1787 1356 1823 ein
1377 1789 1530 1824 Schi'iler
1555 1789 1618 1825 des
1639 1790 1740 1824 Stra-

1005 1837 1079 1880 ton,
1112 1835 1219 1871 stand
1251 1835 1307 1870 bis
1333 1839 1401 1870 225
1434 1835 1497 1870 der
1528 1836 1741 1881 peripateti-

1005 1883 1117 1917 schen
1156 1882 1288 1917 Schule
1329 1882 1366 1916 in
1404 1881 1527 1918 Athen
1564 1894 1640 1918 vor.
1691 1883 1770 1923 Er3

1004 1930 1069 1964 hat,
1094 1930 1185 1964 iiber
1204 1929 1268 1964 das
1294 1929 1448 1964 hochste
1468 1928 1542 1964 Gut
1559 1930 1741 1975 geschrie-

1003 1976 1085 2011 ben.
1137 1976 1180 2010 de
1202 1976 1261 2010 fin.
1282 1975 1314 2009 V
1335 1980 1366 2019 5,
1388 1980 1431 2011 13
1450 1979 1565 2012 nennlz
1582 1977 1646 2012 ihn
1666 1977 1742 2014 Cic.

1003 2024 1164 2058 oratione
1196 2024 1366 2067 locuples,
1398 2024 1504 2058 rebus
1534 2025 1626 2068 ipsis
1649 2025 1742 2060 ieiu-

1003 2081 1095 2105 mor.

1004 2130 1099 2211 18αῆ
1122 2128 1291 2210 ῗΡξωινί.
1336 2120 1434 2163 Uber
1459 2130 1508 2164 acl
1533 2140 1560 2164 S.
1581 2142 1609 2164 z.
1630 2129 1681 2164 ΙΙΙ
1707 2133 1742 2175 9,

1050 2235 1141 2279 Kap.
1167 2234 1230 2269 33.
1283 2238 1336 2270 79.
1361 2235 1449 2269 Non
1473 2235 1541 2270 tibi
1570 2235 1633 2270 hoc
1661 2236 1741 2270 soli.

1004 2282 1112 2316 Diese
1130 2281 1275 2316 Formel
1296 2282 1360 2316 des
1381 2282 1531 2316 Trostes
1551 2293 1627 2317 war
1646 2282 1741 2317 auch

1004 2329 1064 2364 bei
1096 2329 1166 2363 den
1192 2328 1374 2363 Grieehen
1405 2328 1479 2364 fast:
1505 2328 1740 2372 sprichwt'irt-
1764 2367 1765 2370 Ἴ

1004 2376 1089 2410 lich.
1140 2376 1224 2410 Eur.
1250 2376 1402 2431 Kiesph.
1436 2375 1478 2410 fr.
1499 2379 1566 2434 456
1592 2376 1742 2411 Nauck.
1764 2389 1765 2394 ¹

1004 2423 1162 2457 τεθνᾶσι
1187 2424 1320 2462 παῖδες
1345 2419 1413 2457 οὐκ
1441 2419 1522 2467 ἐμοι
1542 2420 1637 2468 μόνῃ
1659 2424 1740 2469 βρο-

1005 2470 1088 2504 τῶν.
1139 2470 1295 2505 Theokr.
1329 2469 1362 2504 b.
1390 2469 1489 2525 ‚Ston
1519 2469 1553 2505 fl.
1583 2473 1668 2512 124,
1695 2473 1743 2504 34

1006 2515 1152 2560 θάρρει,
1173 2515 1346 2562 βέλτιστε,
1361 2513 1405 2551 οὐ
1425 2516 1483 2550 σοὶ
1502 2515 1603 2562 μόνῳ
1623 2517 1741 2551 ταῦτα

1003 2562 1166 2608 γέγονεν.
1211 2563 1299 2598 Hier
1318 2563 1408 2598 wird
1434 2563 1551 2598 damit
1572 2562 1742 2608 zugleich

1004 2611 1069 2645 der
1088 2610 1317 2655 Trostgrund
1342 2610 1406 2645 der
1434 2609 1655 2654 Cyrenaiker
1678 2610 1741 2645 be-

1004 2658 1196 2702 sprochen,
1211 2657 1275 2692 der
1291 2657 1332 2702 ja,
1352 2657 1485 2692 darauf
1500 2657 1742 2701 hinauslauft,

1004 2704 1083 2739 dass
1110 2705 1173 2739 das
1194 2703 1364 2748 Unglt'ick
1388 2704 1493 2738 nicht
1517 2704 1743 2739 unerwartet

1004 2751 1216 2786 erscheinen
1242 2751 1356 2793 diirfe‚
1383 2751 1468 2786 weil
1491 2752 1586 2785 auch
1606 2749 1760 2786 andere*

1004 2798 1125 2833 davon
1151 2797 1327 2833 betroffen
1354 2797 1464 2833 seien.
1494 2797 1588 2843 Vgl.
1615 2809 1643 2833 c.
1655 2797 1739 2833 23f.

1050 2860 1089 2891 ut
1113 2857 1206 2899 disci,
1234 2868 1260 2892 s
1287 2859 1342 2900 25,
1370 2860 1424 2891 60.
