<?xml version="1.0" encoding="UTF-8"?>
<!DOCTYPE html PUBLIC "-//W3C//DTD XHTML 1.0 Transitional//EN"
    "http://www.w3.org/TR/xhtml1/DTD/xhtml1-transitional.dtd">
<html xmlns="http://www.w3.org/1999/xhtml" xml:lang="en" lang="en">
 <head>
  <title>
</title>
<meta http-equiv="Content-Type" content="text/html;charset=utf-8" />
  <meta name='ocr-system' content='tesseract 3.04.00' />
  <meta name='ocr-capabilities' content='ocr_page ocr_carea ocr_par ocr_line ocrx_word'/>
</head>
<body>
  <div class='ocr_page' id='page_1' title='image "./tusculanarumdisp01ciceuoft_0296.png"; bbox 0 0 1833 3098; ppageno 0'>
   <div class='ocr_carea' id='block_1_1' title="bbox 114 53 1746 1560">
    <p class='ocr_par' dir='ltr' id='par_1_1' title="bbox 183 53 1740 507">
     <span class='ocr_line' id='line_1_1' title="bbox 188 53 1216 96; baseline 0 -8"><span class='ocrx_word' id='word_1_1' title='bbox 188 55 270 96; x_wconf 84' lang='lat'><strong>154</strong></span> <span class='ocrx_word' id='word_1_2' title='bbox 702 55 750 90; x_wconf 87' lang='lat' dir='ltr'><strong>M.</strong></span> <span class='ocrx_word' id='word_1_3' title='bbox 777 53 939 88; x_wconf 89' lang='lat' dir='ltr'>TULLII</span> <span class='ocrx_word' id='word_1_4' title='bbox 966 53 1216 90; x_wconf 87' lang='lat' dir='ltr'>CICERONIS</span> 
     </span>
     <span class='ocr_line' id='line_1_2' title="bbox 183 161 1734 215; baseline 0.001 -12"><span class='ocrx_word' id='word_1_5' title='bbox 183 164 338 215; x_wconf 79' lang='lat' dir='ltr'><strong>rabsses,</strong></span> <span class='ocrx_word' id='word_1_6' title='bbox 371 163 479 202; x_wconf 89' lang='lat' dir='ltr'><strong>surdi</strong></span> <span class='ocrx_word' id='word_1_7' title='bbox 511 164 687 214; x_wconf 88' lang='lat' dir='ltr'><strong>profecto</strong></span> <span class='ocrx_word' id='word_1_8' title='bbox 721 175 867 202; x_wconf 87' lang='lat' dir='ltr'><strong>sumus.</strong></span> <span class='ocrx_word' id='word_1_9' title='bbox 924 161 987 202; x_wconf 66' lang='lat' dir='ltr'><strong>‘At</strong></span> <span class='ocrx_word' id='word_1_10' title='bbox 1019 176 1153 202; x_wconf 77' lang='lat' dir='ltr'><strong>vocem</strong></span> <span class='ocrx_word' id='word_1_11' title='bbox 1186 163 1401 202; x_wconf 88' lang='lat' dir='ltr'><strong>citharoedi</strong></span> <span class='ocrx_word' id='word_1_12' title='bbox 1433 176 1511 202; x_wconf 89' lang='lat' dir='ltr'><strong>non</strong></span> <span class='ocrx_word' id='word_1_13' title='bbox 1544 162 1734 204; x_wconf 64' lang='lat' dir='ltr'><strong>audiunt?</strong></span> 
     </span>
     <span class='ocr_line' id='line_1_3' title="bbox 184 222 1738 276; baseline 0.001 -15"><span class='ocrx_word' id='word_1_14' title='bbox 184 223 239 261; x_wconf 74' lang='lat' dir='ltr'><strong>Ne</strong></span> <span class='ocrx_word' id='word_1_15' title='bbox 279 222 489 261; x_wconf 87' lang='lat' dir='ltr'><strong>stridorem</strong></span> <span class='ocrx_word' id='word_1_16' title='bbox 527 222 683 272; x_wconf 86' lang='lat' dir='ltr'><strong>quidem</strong></span> <span class='ocrx_word' id='word_1_17' title='bbox 722 234 853 260; x_wconf 89' lang='lat' dir='ltr'><strong>serrae</strong></span> <span class='ocrx_word' id='word_1_18' title='bbox 893 229 994 273; x_wconf 89' lang='lat' dir='ltr'><strong>tum,</strong></span> <span class='ocrx_word' id='word_1_19' title='bbox 1038 234 1127 260; x_wconf 90' lang='lat' dir='ltr'><strong>cum</strong></span> <span class='ocrx_word' id='word_1_20' title='bbox 1172 224 1342 273; x_wconf 87' lang='lat' dir='ltr'><strong>acuitur,</strong></span> <span class='ocrx_word' id='word_1_21' title='bbox 1388 229 1453 261; x_wconf 90' lang='lat' dir='ltr'><strong>aut</strong></span> <span class='ocrx_word' id='word_1_22' title='bbox 1498 223 1738 276; x_wconf 81' lang='lat' dir='ltr'>grunditum,</span> 
     </span>
     <span class='ocr_line' id='line_1_4' title="bbox 185 280 1736 333; baseline 0 -13"><span class='ocrx_word' id='word_1_23' title='bbox 185 293 275 320; x_wconf 88' lang='lat' dir='ltr'><strong>cum</strong></span> <span class='ocrx_word' id='word_1_24' title='bbox 307 280 516 332; x_wconf 83' lang='lat' dir='ltr'><strong>iugulatur,</strong></span> <span class='ocrx_word' id='word_1_25' title='bbox 550 282 642 331; x_wconf 81' lang='lat' dir='ltr'><strong>suis,</strong></span> <span class='ocrx_word' id='word_1_26' title='bbox 675 292 760 333; x_wconf 79' lang='lat' dir='ltr'><strong>nec,</strong></span> <span class='ocrx_word' id='word_1_27' title='bbox 793 293 881 319; x_wconf 87' lang='lat' dir='ltr'><strong>cum</strong></span> <span class='ocrx_word' id='word_1_28' title='bbox 916 281 1119 331; x_wconf 82' lang='lat' dir='ltr'><strong>quiescere</strong></span> <span class='ocrx_word' id='word_1_29' title='bbox 1154 280 1298 332; x_wconf 78' lang='lat' dir='ltr'><strong>volunt,</strong></span> <span class='ocrx_word' id='word_1_30' title='bbox 1332 281 1529 319; x_wconf 85' lang='lat' dir='ltr'><strong>fremitum</strong></span> <span class='ocrx_word' id='word_1_31' title='bbox 1562 293 1736 320; x_wconf 88' lang='lat' dir='ltr'><strong>murmu-</strong></span> 
     </span>
     <span class='ocr_line' id='line_1_5' title="bbox 183 338 1737 390; baseline 0.001 -13"><span class='ocrx_word' id='word_1_32' title='bbox 183 341 307 378; x_wconf 85' lang='lat' dir='ltr'><strong>rantis</strong></span> <span class='ocrx_word' id='word_1_33' title='bbox 340 340 469 377; x_wconf 89' lang='lat' dir='ltr'><strong>maris.</strong></span> <span class='ocrx_word' id='word_1_34' title='bbox 531 338 581 377; x_wconf 87' lang='lat' dir='ltr'><strong>Et</strong></span> <span class='ocrx_word' id='word_1_35' title='bbox 620 340 652 377; x_wconf 88' lang='lat' dir='ltr'><strong>si</strong></span> <span class='ocrx_word' id='word_1_36' title='bbox 692 345 829 377; x_wconf 87' lang='lat' dir='ltr'><strong>cantus</strong></span> <span class='ocrx_word' id='word_1_37' title='bbox 867 352 934 377; x_wconf 88' lang='lat' dir='ltr'><strong>eos</strong></span> <span class='ocrx_word' id='word_1_38' title='bbox 974 339 1073 377; x_wconf 84' lang='lat' dir='ltr'><strong>forte</strong></span> <span class='ocrx_word' id='word_1_39' title='bbox 1113 338 1325 390; x_wconf 87' lang='lat' dir='ltr'><strong>delectant,</strong></span> <span class='ocrx_word' id='word_1_40' title='bbox 1363 341 1532 390; x_wconf 88' lang='lat' dir='ltr'><strong>primum</strong></span> <span class='ocrx_word' id='word_1_41' title='bbox 1566 341 1737 390; x_wconf 88' lang='lat' dir='ltr'><strong>cogitare</strong></span> 
     </span>
     <span class='ocr_line' id='line_1_6' title="bbox 184 397 1739 450; baseline 0.001 -14"><span class='ocrx_word' id='word_1_42' title='bbox 184 397 344 449; x_wconf 79' lang='lat' dir='ltr'><strong>debent,</strong></span> <span class='ocrx_word' id='word_1_43' title='bbox 387 403 474 436; x_wconf 88' lang='lat' dir='ltr'><strong>ante</strong></span> <span class='ocrx_word' id='word_1_44' title='bbox 509 409 624 448; x_wconf 91' lang='lat' dir='ltr'><strong>quam</strong></span> <span class='ocrx_word' id='word_1_45' title='bbox 657 398 695 435; x_wconf 90' lang='lat' dir='ltr'><strong>hi</strong></span> <span class='ocrx_word' id='word_1_46' title='bbox 729 399 807 436; x_wconf 88' lang='lat' dir='ltr'><strong>sint</strong></span> <span class='ocrx_word' id='word_1_47' title='bbox 838 399 1003 448; x_wconf 81' lang='lat' dir='ltr'><strong>inventi,</strong></span> <span class='ocrx_word' id='word_1_48' title='bbox 1036 397 1179 436; x_wconf 87' lang='lat' dir='ltr'><strong>multos</strong></span> <span class='ocrx_word' id='word_1_49' title='bbox 1211 397 1323 436; x_wconf 89' lang='lat' dir='ltr'><strong>beate</strong></span> <span class='ocrx_word' id='word_1_50' title='bbox 1357 399 1498 436; x_wconf 78' lang='lat' dir='ltr'><strong>vixisse</strong></span> <span class='ocrx_word' id='word_1_51' title='bbox 1531 399 1739 450; x_wconf 82' lang='lat' dir='ltr'><strong>sapientes,</strong></span> 
     </span>
     <span class='ocr_line' id='line_1_7' title="bbox 185 455 1740 507; baseline 0.001 -13"><span class='ocrx_word' id='word_1_52' title='bbox 185 456 325 495; x_wconf 90' lang='lat' dir='ltr'><strong>deinde</strong></span> <span class='ocrx_word' id='word_1_53' title='bbox 359 456 480 495; x_wconf 88' lang='lat' dir='ltr'><strong>multo</strong></span> <span class='ocrx_word' id='word_1_54' title='bbox 518 458 704 494; x_wconf 85' lang='lat' dir='ltr'><strong>maiorem</strong></span> <span class='ocrx_word' id='word_1_55' title='bbox 744 458 893 507; x_wconf 81' lang='lat' dir='ltr'><strong>percipi</strong></span> <span class='ocrx_word' id='word_1_56' title='bbox 932 468 1045 506; x_wconf 85' lang='lat' dir='ltr'><strong>posse</strong></span> <span class='ocrx_word' id='word_1_57' title='bbox 1085 455 1258 506; x_wconf 84' lang='lat' dir='ltr'><strong>legendis</strong></span> <span class='ocrx_word' id='word_1_58' title='bbox 1291 455 1351 494; x_wconf 87' lang='lat' dir='ltr'><strong>his</strong></span> <span class='ocrx_word' id='word_1_59' title='bbox 1388 467 1504 506; x_wconf 90' lang='lat' dir='ltr'><strong>quam</strong></span> <span class='ocrx_word' id='word_1_60' title='bbox 1537 456 1740 495; x_wconf 86' lang='lat' dir='ltr'><strong>audiendis</strong></span> 
     </span>
    </p>

    <p class='ocr_par' dir='ltr' id='par_1_2' title="bbox 116 514 1740 683">
     <span class='ocr_line' id='line_1_8' title="bbox 116 514 1740 566; baseline 0 -12"><span class='ocrx_word' id='word_1_61' title='bbox 116 515 432 566; x_wconf 66' lang='lat' dir='ltr'><strong>nvvoluptatem.</strong></span> <span class='ocrx_word' id='word_1_62' title='bbox 496 515 594 553; x_wconf 91' lang='lat' dir='ltr'><strong>Tum</strong></span> <span class='ocrx_word' id='word_1_63' title='bbox 633 521 676 553; x_wconf 91' lang='lat' dir='ltr'><strong>ut</strong></span> <span class='ocrx_word' id='word_1_64' title='bbox 713 515 827 566; x_wconf 88' lang='lat' dir='ltr'><strong>paulo</strong></span> <span class='ocrx_word' id='word_1_65' title='bbox 866 521 954 552; x_wconf 84' lang='lat' dir='ltr'><strong>ante</strong></span> <span class='ocrx_word' id='word_1_66' title='bbox 993 526 1129 552; x_wconf 86' lang='lat' dir='ltr'><strong>caecos</strong></span> <span class='ocrx_word' id='word_1_67' title='bbox 1169 514 1214 552; x_wconf 89' lang='lat' dir='ltr'><strong>ad</strong></span> <span class='ocrx_word' id='word_1_68' title='bbox 1254 515 1407 553; x_wconf 90' lang='lat' dir='ltr'><strong>aurium</strong></span> <span class='ocrx_word' id='word_1_69' title='bbox 1439 514 1740 554; x_wconf 82' lang='lat' dir='ltr'><strong>traducebamus</strong></span> 
     </span>
     <span class='ocr_line' id='line_1_9' title="bbox 185 572 1738 624; baseline 0.002 -14"><span class='ocrx_word' id='word_1_70' title='bbox 185 573 440 624; x_wconf 78' lang='lat' dir='ltr'><strong>voluptatem,</strong></span> <span class='ocrx_word' id='word_1_71' title='bbox 480 575 535 611; x_wconf 90' lang='lat' dir='ltr'><strong>sic</strong></span> <span class='ocrx_word' id='word_1_72' title='bbox 573 573 664 611; x_wconf 90' lang='lat' dir='ltr'><strong>licet</strong></span> <span class='ocrx_word' id='word_1_73' title='bbox 702 573 842 611; x_wconf 85' lang='lat' dir='ltr'><strong>surdos</strong></span> <span class='ocrx_word' id='word_1_74' title='bbox 875 573 920 610; x_wconf 82' lang='lat' dir='ltr'><strong>ad</strong></span> <span class='ocrx_word' id='word_1_75' title='bbox 954 573 1168 611; x_wconf 90' lang='lat' dir='ltr'><strong>oculorum.</strong></span> <span class='ocrx_word' id='word_1_76' title='bbox 1231 572 1387 611; x_wconf 87' lang='lat' dir='ltr'><strong>Etenim</strong></span> <span class='ocrx_word' id='word_1_77' title='bbox 1420 575 1487 623; x_wconf 89' lang='lat' dir='ltr'><strong>qui</strong></span> <span class='ocrx_word' id='word_1_78' title='bbox 1518 586 1652 612; x_wconf 88' lang='lat' dir='ltr'><strong>secum</strong></span> <span class='ocrx_word' id='word_1_79' title='bbox 1685 574 1738 613; x_wconf 88' lang='lat' dir='ltr'><strong>lo-</strong></span> 
     </span>
     <span class='ocr_line' id='line_1_10' title="bbox 186 631 1221 683; baseline -0.001 -13"><span class='ocrx_word' id='word_1_80' title='bbox 186 634 253 682; x_wconf 88' lang='lat' dir='ltr'><strong>qui</strong></span> <span class='ocrx_word' id='word_1_81' title='bbox 284 633 441 683; x_wconf 84' lang='lat' dir='ltr'><strong>poterit‚</strong></span> <span class='ocrx_word' id='word_1_82' title='bbox 474 643 696 670; x_wconf 87' lang='lat' dir='ltr'><strong>sermonem</strong></span> <span class='ocrx_word' id='word_1_83' title='bbox 729 631 890 670; x_wconf 83' lang='lat' dir='ltr'><strong>alterius</strong></span> <span class='ocrx_word' id='word_1_84' title='bbox 922 644 1000 669; x_wconf 89' lang='lat' dir='ltr'><strong>non</strong></span> <span class='ocrx_word' id='word_1_85' title='bbox 1034 633 1221 681; x_wconf 83' lang='lat' dir='ltr'><strong>requiret.</strong></span> 
     </span>
    </p>

    <p class='ocr_par' dir='ltr' id='par_1_3' title="bbox 185 689 1745 1091">
     <span class='ocr_line' id='line_1_11' title="bbox 303 689 1739 742; baseline 0.002 -15"><span class='ocrx_word' id='word_1_86' title='bbox 303 690 574 740; x_wconf 81' lang='lat' dir='ltr'><strong>Congerantur</strong></span> <span class='ocrx_word' id='word_1_87' title='bbox 606 691 644 727; x_wconf 91' lang='lat' dir='ltr'><strong>in</strong></span> <span class='ocrx_word' id='word_1_88' title='bbox 678 702 800 728; x_wconf 91' lang='lat' dir='ltr'><strong>unum</strong></span> <span class='ocrx_word' id='word_1_89' title='bbox 827 691 968 740; x_wconf 82' lang='lat' dir='ltr'><strong>omnia,</strong></span> <span class='ocrx_word' id='word_1_90' title='bbox 1001 696 1043 728; x_wconf 87' lang='lat' dir='ltr'><strong>ut</strong></span> <span class='ocrx_word' id='word_1_91' title='bbox 1069 690 1172 728; x_wconf 87' lang='lat' dir='ltr'><strong>idem</strong></span> <span class='ocrx_word' id='word_1_92' title='bbox 1199 690 1322 728; x_wconf 91' lang='lat' dir='ltr'><strong>oculis</strong></span> <span class='ocrx_word' id='word_1_93' title='bbox 1350 696 1389 728; x_wconf 88' lang='lat' dir='ltr'><strong>et</strong></span> <span class='ocrx_word' id='word_1_94' title='bbox 1415 689 1576 729; x_wconf 87' lang='lat' dir='ltr'><strong>auribus</strong></span> <span class='ocrx_word' id='word_1_95' title='bbox 1603 697 1739 742; x_wconf 88' lang='lat' dir='ltr'><strong>captus</strong></span> 
     </span>
     <span class='ocr_line' id='line_1_12' title="bbox 187 748 1743 800; baseline 0.001 -14"><span class='ocrx_word' id='word_1_96' title='bbox 187 750 253 800; x_wconf 82' lang='lat' dir='ltr'><strong>sit,</strong></span> <span class='ocrx_word' id='word_1_97' title='bbox 299 754 499 798; x_wconf 80' lang='lat' dir='ltr'><strong>prematur</strong></span> <span class='ocrx_word' id='word_1_98' title='bbox 544 750 658 786; x_wconf 90' lang='lat' dir='ltr'><strong>etiam</strong></span> <span class='ocrx_word' id='word_1_99' title='bbox 705 748 905 786; x_wconf 83' lang='lat' dir='ltr'><strong>doloribus</strong></span> <span class='ocrx_word' id='word_1_100' title='bbox 950 750 1165 786; x_wconf 86' lang='lat' dir='ltr'><strong>acerrumis</strong></span> <span class='ocrx_word' id='word_1_101' title='bbox 1207 750 1396 799; x_wconf 86' lang='lat' dir='ltr'><strong>corporis.</strong></span> <span class='ocrx_word' id='word_1_102' title='bbox 1460 749 1535 793; x_wconf 88' lang='lat' dir='ltr'><strong>Qui</strong></span> <span class='ocrx_word' id='word_1_103' title='bbox 1572 751 1743 799; x_wconf 89' lang='lat' dir='ltr'><strong>primum</strong></span> 
     </span>
     <span class='ocr_line' id='line_1_13' title="bbox 185 806 1742 858; baseline 0.001 -14"><span class='ocrx_word' id='word_1_104' title='bbox 185 819 256 857; x_wconf 90' lang='lat' dir='ltr'><strong>per</strong></span> <span class='ocrx_word' id='word_1_105' title='bbox 289 819 329 845; x_wconf 86' lang='lat' dir='ltr'><strong>se</strong></span> <span class='ocrx_word' id='word_1_106' title='bbox 363 808 437 857; x_wconf 87' lang='lat' dir='ltr'><strong>ipsi</strong></span> <span class='ocrx_word' id='word_1_107' title='bbox 469 807 701 857; x_wconf 87' lang='lat' dir='ltr'><strong>plerumque</strong></span> <span class='ocrx_word' id='word_1_108' title='bbox 734 808 947 845; x_wconf 85' lang='lat' dir='ltr'><strong>conficiunt</strong></span> <span class='ocrx_word' id='word_1_109' title='bbox 978 806 1194 845; x_wconf 84' lang='lat' dir='ltr'><strong>hominem:</strong></span> <span class='ocrx_word' id='word_1_110' title='bbox 1233 808 1293 845; x_wconf 86' lang='lat' dir='ltr'><strong>sin</strong></span> <span class='ocrx_word' id='word_1_111' title='bbox 1325 808 1426 845; x_wconf 90' lang='lat' dir='ltr'><strong>sorte</strong></span> <span class='ocrx_word' id='word_1_112' title='bbox 1459 807 1742 858; x_wconf 85' lang='lat' dir='ltr'><strong>longinquitate</strong></span> 
     </span>
     <span class='ocr_line' id='line_1_14' title="bbox 185 865 1742 916; baseline 0.001 -13"><span class='ocrx_word' id='word_1_113' title='bbox 185 865 368 915; x_wconf 89' lang='lat' dir='ltr'><strong>producti</strong></span> <span class='ocrx_word' id='word_1_114' title='bbox 401 865 670 903; x_wconf 82' lang='lat' dir='ltr'><strong>vehementius</strong></span> <span class='ocrx_word' id='word_1_115' title='bbox 703 871 832 903; x_wconf 90' lang='lat' dir='ltr'><strong>tamen</strong></span> <span class='ocrx_word' id='word_1_116' title='bbox 865 872 1069 916; x_wconf 79' lang='lat' dir='ltr'><strong>torquent,</strong></span> <span class='ocrx_word' id='word_1_117' title='bbox 1107 877 1223 915; x_wconf 90' lang='lat' dir='ltr'><strong>quam</strong></span> <span class='ocrx_word' id='word_1_118' title='bbox 1263 871 1305 903; x_wconf 89' lang='lat' dir='ltr'><strong>ut</strong></span> <span class='ocrx_word' id='word_1_119' title='bbox 1343 878 1458 903; x_wconf 86' lang='lat' dir='ltr'><strong>causa</strong></span> <span class='ocrx_word' id='word_1_120' title='bbox 1497 867 1547 903; x_wconf 90' lang='lat' dir='ltr'><strong>sit</strong></span> <span class='ocrx_word' id='word_1_121' title='bbox 1587 878 1657 904; x_wconf 90' lang='lat' dir='ltr'><strong>cur</strong></span> <span class='ocrx_word' id='word_1_122' title='bbox 1690 866 1742 904; x_wconf 83' lang='lat' dir='ltr'><strong>fe-</strong></span> 
     </span>
     <span class='ocr_line' id='line_1_15' title="bbox 185 921 1743 975; baseline 0.001 -14"><span class='ocrx_word' id='word_1_123' title='bbox 185 931 340 975; x_wconf 74' lang='lat' dir='ltr'><strong>rantur,</strong></span> <span class='ocrx_word' id='word_1_124' title='bbox 380 923 471 974; x_wconf 90' lang='lat' dir='ltr'><strong>quid</strong></span> <span class='ocrx_word' id='word_1_125' title='bbox 507 930 565 961; x_wconf 85' lang='lat' dir='ltr'><strong>est</strong></span> <span class='ocrx_word' id='word_1_126' title='bbox 596 923 771 973; x_wconf 78' lang='lat' dir='ltr'><strong>tandem,</strong></span> <span class='ocrx_word' id='word_1_127' title='bbox 804 923 842 960; x_wconf 94' lang='lat' dir='ltr'><strong>di</strong></span> <span class='ocrx_word' id='word_1_128' title='bbox 874 923 984 973; x_wconf 83' lang='lat' dir='ltr'><strong>boni,</strong></span> <span class='ocrx_word' id='word_1_129' title='bbox 1017 923 1120 973; x_wconf 84' lang='lat' dir='ltr'><strong>quod</strong></span> <span class='ocrx_word' id='word_1_130' title='bbox 1152 921 1403 961; x_wconf 80' lang='lat' dir='ltr'><strong>laboremus?</strong></span> <span class='ocrx_word' id='word_1_131' title='bbox 1464 923 1606 962; x_wconf 89' lang='lat' dir='ltr'><strong>Portus</strong></span> <span class='ocrx_word' id='word_1_132' title='bbox 1640 925 1743 962; x_wconf 88' lang='lat' dir='ltr'><strong>enim</strong></span> 
     </span>
     <span class='ocr_line' id='line_1_16' title="bbox 185 981 1745 1033; baseline 0 -13"><span class='ocrx_word' id='word_1_133' title='bbox 185 989 341 1032; x_wconf 86' lang='lat' dir='ltr'><strong>praesto</strong></span> <span class='ocrx_word' id='word_1_134' title='bbox 384 988 460 1033; x_wconf 82' lang='lat' dir='ltr'><strong>est,</strong></span> <span class='ocrx_word' id='word_1_135' title='bbox 503 983 685 1032; x_wconf 86' lang='lat' dir='ltr'><strong>quoniam</strong></span> <span class='ocrx_word' id='word_1_136' title='bbox 731 981 889 1031; x_wconf 89' lang='lat' dir='ltr'><strong>quidem</strong></span> <span class='ocrx_word' id='word_1_137' title='bbox 930 993 1036 1019; x_wconf 89' lang='lat' dir='ltr'><strong>mors</strong></span> <span class='ocrx_word' id='word_1_138' title='bbox 1078 987 1137 1019; x_wconf 85' lang='lat' dir='ltr'><strong>est</strong></span> <span class='ocrx_word' id='word_1_139' title='bbox 1174 987 1378 1019; x_wconf 88' lang='lat' dir='ltr'><strong>aeternum</strong></span> <span class='ocrx_word' id='word_1_140' title='bbox 1417 981 1513 1020; x_wconf 89' lang='lat' dir='ltr'><strong>nihil</strong></span> <span class='ocrx_word' id='word_1_141' title='bbox 1550 982 1745 1021; x_wconf 84' lang='lat' dir='ltr'><strong>sentiendi</strong></span> 
     </span>
     <span class='ocr_line' id='line_1_17' title="bbox 186 1037 1745 1091; baseline 0.001 -13"><span class='ocrx_word' id='word_1_142' title='bbox 186 1040 490 1090; x_wconf 86' lang='lat' dir='ltr'><strong>receptaculum.</strong></span> <span class='ocrx_word' id='word_1_143' title='bbox 553 1039 784 1077; x_wconf 87' lang='lat' dir='ltr'><strong>Theodorus</strong></span> <span class='ocrx_word' id='word_1_144' title='bbox 823 1038 1052 1090; x_wconf 76' lang='lat' dir='ltr'><strong>Lysimacho</strong></span> <span class='ocrx_word' id='word_1_145' title='bbox 1097 1046 1263 1078; x_wconf 90' lang='lat' dir='ltr'><strong>mortem</strong></span> <span class='ocrx_word' id='word_1_146' title='bbox 1307 1041 1503 1079; x_wconf 84' lang='lat' dir='ltr'><strong>minitanti</strong></span> <span class='ocrx_word' id='word_1_147' title='bbox 1547 1037 1745 1091; x_wconf 72' lang='lat' dir='ltr'><strong>‘Magnum</strong></span> 
     </span>
    </p>

    <p class='ocr_par' dir='ltr' id='par_1_4' title="bbox 121 1095 1746 1384">
     <span class='ocr_line' id='line_1_18' title="bbox 121 1095 1744 1150; baseline 0 -13"><span class='ocrx_word' id='word_1_148' title='bbox 121 1096 298 1137; x_wconf 80' lang='lat' dir='ltr'><strong>118ve1·o’</strong></span> <span class='ocrx_word' id='word_1_149' title='bbox 331 1100 459 1149; x_wconf 87' lang='lat' dir='ltr'><strong>inquit</strong></span> <span class='ocrx_word' id='word_1_150' title='bbox 499 1096 695 1150; x_wconf 73' lang='lat' dir='ltr'><strong>‘effecisti‚</strong></span> <span class='ocrx_word' id='word_1_151' title='bbox 733 1100 765 1136; x_wconf 85' lang='lat' dir='ltr'><strong>si</strong></span> <span class='ocrx_word' id='word_1_152' title='bbox 803 1098 1040 1136; x_wconf 88' lang='lat' dir='ltr'><strong>cantharidis</strong></span> <span class='ocrx_word' id='word_1_153' title='bbox 1080 1099 1155 1136; x_wconf 83' lang='lat' dir='ltr'><strong>vim</strong></span> <span class='ocrx_word' id='word_1_154' title='bbox 1194 1104 1430 1137; x_wconf 88' lang='lat' dir='ltr'><strong>consecutus</strong></span> <span class='ocrx_word' id='word_1_155' title='bbox 1471 1095 1539 1137; x_wconf 84' lang='lat' dir='ltr'><strong>es.&#39;</strong></span> <span class='ocrx_word' id='word_1_156' title='bbox 1601 1099 1744 1138; x_wconf 87' lang='lat' dir='ltr'><strong>Paulus</strong></span> 
     </span>
     <span class='ocr_line' id='line_1_19' title="bbox 187 1153 1745 1208; baseline 0.001 -13"><span class='ocrx_word' id='word_1_157' title='bbox 187 1157 298 1195; x_wconf 84' lang='lat' dir='ltr'><strong>Persi</strong></span> <span class='ocrx_word' id='word_1_158' title='bbox 339 1158 566 1208; x_wconf 86' lang='lat' dir='ltr'><strong>deprecanti</strong></span> <span class='ocrx_word' id='word_1_159' title='bbox 607 1170 655 1195; x_wconf 90' lang='lat' dir='ltr'><strong>ne</strong></span> <span class='ocrx_word' id='word_1_160' title='bbox 697 1159 737 1194; x_wconf 93' lang='lat' dir='ltr'><strong>in</strong></span> <span class='ocrx_word' id='word_1_161' title='bbox 778 1156 978 1207; x_wconf 86' lang='lat' dir='ltr'><strong>triumpho</strong></span> <span class='ocrx_word' id='word_1_162' title='bbox 1023 1157 1253 1196; x_wconf 85' lang='lat' dir='ltr'><strong>duceretur:</strong></span> <span class='ocrx_word' id='word_1_163' title='bbox 1298 1153 1358 1195; x_wconf 65' lang='lat' dir='ltr'><strong>‘ln</strong></span> <span class='ocrx_word' id='word_1_164' title='bbox 1400 1163 1465 1196; x_wconf 89' lang='lat' dir='ltr'><strong>tua</strong></span> <span class='ocrx_word' id='word_1_165' title='bbox 1506 1157 1544 1195; x_wconf 93' lang='lat' dir='ltr'><strong>id</strong></span> <span class='ocrx_word' id='word_1_166' title='bbox 1588 1157 1745 1208; x_wconf 80' lang='lat' dir='ltr'><strong>quidem</strong></span> 
     </span>
     <span class='ocr_line' id='line_1_20' title="bbox 186 1212 1744 1268; baseline 0 -14"><span class='ocrx_word' id='word_1_167' title='bbox 186 1222 380 1266; x_wconf 84' lang='lat' dir='ltr'><strong>potestate</strong></span> <span class='ocrx_word' id='word_1_168' title='bbox 414 1212 499 1254; x_wconf 83' lang='lat' dir='ltr'><strong>est.&#39;</strong></span> <span class='ocrx_word' id='word_1_169' title='bbox 557 1215 675 1254; x_wconf 88' lang='lat' dir='ltr'><strong>Multa</strong></span> <span class='ocrx_word' id='word_1_170' title='bbox 707 1217 834 1266; x_wconf 88' lang='lat' dir='ltr'><strong>primo</strong></span> <span class='ocrx_word' id='word_1_171' title='bbox 868 1215 942 1267; x_wconf 74' lang='lat' dir='ltr'><strong>die,</strong></span> <span class='ocrx_word' id='word_1_172' title='bbox 975 1227 1064 1254; x_wconf 88' lang='lat' dir='ltr'><strong>cum</strong></span> <span class='ocrx_word' id='word_1_173' title='bbox 1097 1215 1144 1254; x_wconf 88' lang='lat' dir='ltr'><strong>de</strong></span> <span class='ocrx_word' id='word_1_174' title='bbox 1177 1217 1259 1266; x_wconf 90' lang='lat' dir='ltr'><strong>ipsa</strong></span> <span class='ocrx_word' id='word_1_175' title='bbox 1293 1222 1418 1254; x_wconf 89' lang='lat' dir='ltr'><strong>morte</strong></span> <span class='ocrx_word' id='word_1_176' title='bbox 1453 1228 1744 1268; x_wconf 87' lang='lat' dir='ltr'><strong>quaereremus,</strong></span> 
     </span>
     <span class='ocr_line' id='line_1_21' title="bbox 188 1273 1744 1326; baseline 0.001 -14"><span class='ocrx_word' id='word_1_177' title='bbox 188 1286 265 1312; x_wconf 90' lang='lat' dir='ltr'><strong>non</strong></span> <span class='ocrx_word' id='word_1_178' title='bbox 298 1287 421 1325; x_wconf 89' lang='lat' dir='ltr'><strong>pauca</strong></span> <span class='ocrx_word' id='word_1_179' title='bbox 454 1276 570 1313; x_wconf 89' lang='lat' dir='ltr'><strong>etiam</strong></span> <span class='ocrx_word' id='word_1_180' title='bbox 602 1280 778 1325; x_wconf 90' lang='lat' dir='ltr'><strong>postero,</strong></span> <span class='ocrx_word' id='word_1_181' title='bbox 817 1286 906 1313; x_wconf 86' lang='lat' dir='ltr'><strong>cum</strong></span> <span class='ocrx_word' id='word_1_182' title='bbox 945 1280 1128 1324; x_wconf 83' lang='lat' dir='ltr'><strong>ageretur</strong></span> <span class='ocrx_word' id='word_1_183' title='bbox 1166 1274 1213 1312; x_wconf 89' lang='lat' dir='ltr'><strong>de</strong></span> <span class='ocrx_word' id='word_1_184' title='bbox 1254 1273 1405 1326; x_wconf 83' lang='lat' dir='ltr'><strong>dolore,</strong></span> <span class='ocrx_word' id='word_1_185' title='bbox 1439 1281 1530 1313; x_wconf 87' lang='lat' dir='ltr'><strong>sunt</strong></span> <span class='ocrx_word' id='word_1_186' title='bbox 1562 1274 1664 1313; x_wconf 92' lang='lat' dir='ltr'><strong>dicta</strong></span> <span class='ocrx_word' id='word_1_187' title='bbox 1696 1274 1744 1313; x_wconf 83' lang='lat' dir='ltr'><strong>de</strong></span> 
     </span>
     <span class='ocr_line' id='line_1_22' title="bbox 188 1332 1746 1384; baseline 0 -13"><span class='ocrx_word' id='word_1_188' title='bbox 188 1340 330 1383; x_wconf 82' lang='lat' dir='ltr'><strong>morte,</strong></span> <span class='ocrx_word' id='word_1_189' title='bbox 378 1345 475 1384; x_wconf 86' lang='lat' dir='ltr'><strong>quae</strong></span> <span class='ocrx_word' id='word_1_190' title='bbox 524 1334 591 1383; x_wconf 84' lang='lat' dir='ltr'><strong>qui</strong></span> <span class='ocrx_word' id='word_1_191' title='bbox 634 1333 884 1384; x_wconf 84' lang='lat' dir='ltr'><strong>recordetur,</strong></span> <span class='ocrx_word' id='word_1_192' title='bbox 927 1333 1030 1370; x_wconf 89' lang='lat' dir='ltr'><strong>haud</strong></span> <span class='ocrx_word' id='word_1_193' title='bbox 1076 1345 1166 1371; x_wconf 88' lang='lat' dir='ltr'><strong>sane</strong></span> <span class='ocrx_word' id='word_1_194' title='bbox 1212 1332 1431 1383; x_wconf 87' lang='lat' dir='ltr'><strong>periculum</strong></span> <span class='ocrx_word' id='word_1_195' title='bbox 1477 1339 1536 1371; x_wconf 91' lang='lat' dir='ltr'><strong>est</strong></span> <span class='ocrx_word' id='word_1_196' title='bbox 1580 1345 1628 1371; x_wconf 90' lang='lat' dir='ltr'><strong>ne</strong></span> <span class='ocrx_word' id='word_1_197' title='bbox 1668 1345 1746 1371; x_wconf 89' lang='lat' dir='ltr'><strong>non</strong></span> 
     </span>
    </p>

    <p class='ocr_par' dir='ltr' id='par_1_5' title="bbox 114 1389 1746 1560">
     <span class='ocr_line' id='line_1_23' title="bbox 114 1389 1746 1442; baseline 0 -13"><span class='ocrx_word' id='word_1_198' title='bbox 114 1389 355 1430; x_wconf 86' lang='lat' dir='ltr'><strong>4lmortem</strong></span> <span class='ocrx_word' id='word_1_199' title='bbox 394 1397 460 1430; x_wconf 91' lang='lat' dir='ltr'><strong>aut</strong></span> <span class='ocrx_word' id='word_1_200' title='bbox 497 1392 705 1442; x_wconf 81' lang='lat' dir='ltr'><strong>optandam</strong></span> <span class='ocrx_word' id='word_1_201' title='bbox 744 1399 810 1430; x_wconf 92' lang='lat' dir='ltr'><strong>aut</strong></span> <span class='ocrx_word' id='word_1_202' title='bbox 848 1397 955 1429; x_wconf 88' lang='lat' dir='ltr'><strong>certe</strong></span> <span class='ocrx_word' id='word_1_203' title='bbox 995 1404 1073 1429; x_wconf 91' lang='lat' dir='ltr'><strong>non</strong></span> <span class='ocrx_word' id='word_1_204' title='bbox 1106 1391 1318 1429; x_wconf 85' lang='lat' dir='ltr'><strong>timendam</strong></span> <span class='ocrx_word' id='word_1_205' title='bbox 1350 1397 1472 1441; x_wconf 89' lang='lat' dir='ltr'><strong>putet.</strong></span> <span class='ocrx_word' id='word_1_206' title='bbox 1535 1391 1630 1430; x_wconf 85' lang='lat' dir='ltr'><strong>Mihi</strong></span> <span class='ocrx_word' id='word_1_207' title='bbox 1662 1392 1746 1442; x_wconf 93' lang='lat' dir='ltr'><strong>qui-</strong></span> 
     </span>
     <span class='ocr_line' id='line_1_24' title="bbox 188 1449 1744 1501; baseline -0.001 -13"><span class='ocrx_word' id='word_1_208' title='bbox 188 1449 276 1488; x_wconf 91' lang='lat' dir='ltr'><strong>dem</strong></span> <span class='ocrx_word' id='word_1_209' title='bbox 308 1452 348 1488; x_wconf 89' lang='lat' dir='ltr'><strong>in</strong></span> <span class='ocrx_word' id='word_1_210' title='bbox 381 1452 457 1489; x_wconf 86' lang='lat' dir='ltr'><strong>vita</strong></span> <span class='ocrx_word' id='word_1_211' title='bbox 497 1451 685 1488; x_wconf 85' lang='lat' dir='ltr'><strong>servanda</strong></span> <span class='ocrx_word' id='word_1_212' title='bbox 717 1450 872 1488; x_wconf 79' lang='lat' dir='ltr'><strong>videtur</strong></span> <span class='ocrx_word' id='word_1_213' title='bbox 910 1449 973 1487; x_wconf 92' lang='lat' dir='ltr'><strong>illa</strong></span> <span class='ocrx_word' id='word_1_214' title='bbox 1013 1450 1090 1501; x_wconf 74' lang='lat' dir='ltr'><strong>lex,</strong></span> <span class='ocrx_word' id='word_1_215' title='bbox 1134 1462 1231 1500; x_wconf 85' lang='lat' dir='ltr'><strong>quae</strong></span> <span class='ocrx_word' id='word_1_216' title='bbox 1265 1451 1305 1487; x_wconf 89' lang='lat' dir='ltr'><strong>iu</strong></span> <span class='ocrx_word' id='word_1_217' title='bbox 1338 1449 1577 1488; x_wconf 87' lang='lat' dir='ltr'><strong>Graecorum</strong></span> <span class='ocrx_word' id='word_1_218' title='bbox 1616 1451 1744 1488; x_wconf 91' lang='lat' dir='ltr'><strong>convi-</strong></span> 
     </span>
     <span class='ocr_line' id='line_1_25' title="bbox 186 1505 1744 1560; baseline 0 -14"><span class='ocrx_word' id='word_1_219' title='bbox 186 1510 257 1547; x_wconf 84' lang='lat' dir='ltr'><strong>viis</strong></span> <span class='ocrx_word' id='word_1_220' title='bbox 290 1509 501 1547; x_wconf 87' lang='lat' dir='ltr'><strong>obtinetur.</strong></span> <span class='ocrx_word' id='word_1_221' title='bbox 554 1505 646 1546; x_wconf 78' lang='lat' dir='ltr'><strong>eAut</strong></span> <span class='ocrx_word' id='word_1_222' title='bbox 677 1505 799 1546; x_wconf 84' lang='lat' dir='ltr'><strong>bibat&#39;</strong></span> <span class='ocrx_word' id='word_1_223' title='bbox 832 1510 960 1559; x_wconf 86' lang='lat' dir='ltr'><strong>inquit</strong></span> <span class='ocrx_word' id='word_1_224' title='bbox 993 1506 1074 1546; x_wconf 71' lang='lat' dir='ltr'><strong>‘aut</strong></span> <span class='ocrx_word' id='word_1_225' title='bbox 1107 1505 1250 1546; x_wconf 75' lang='lat' dir='ltr'><strong>abeatl’</strong></span> <span class='ocrx_word' id='word_1_226' title='bbox 1302 1507 1351 1546; x_wconf 88' lang='lat' dir='ltr'><strong>Et</strong></span> <span class='ocrx_word' id='word_1_227' title='bbox 1382 1515 1508 1560; x_wconf 81' lang='lat' dir='ltr'><strong>recte3</strong></span> <span class='ocrx_word' id='word_1_228' title='bbox 1542 1514 1608 1546; x_wconf 89' lang='lat' dir='ltr'><strong>aut</strong></span> <span class='ocrx_word' id='word_1_229' title='bbox 1640 1510 1744 1546; x_wconf 87' lang='lat' dir='ltr'><strong>enim</strong></span> 
     </span>
    </p>
   </div>
   <div class='ocr_carea' id='block_1_2' title="bbox 186 1633 936 2847">
    <p class='ocr_par' dir='ltr' id='par_1_6' title="bbox 186 1633 932 2142">
     <span class='ocr_line' id='line_1_26' title="bbox 233 1633 931 1676; baseline 0 -9"><span class='ocrx_word' id='word_1_230' title='bbox 233 1633 364 1667; x_wconf 73' lang='lat' dir='ltr'><strong>multos</strong></span> <span class='ocrx_word' id='word_1_231' title='bbox 414 1634 511 1667; x_wconf 85' lang='lat' dir='ltr'><strong>beate</strong></span> <span class='ocrx_word' id='word_1_232' title='bbox 560 1633 693 1667; x_wconf 68' lang='lat' dir='ltr'><strong>vixisse</strong></span> <span class='ocrx_word' id='word_1_233' title='bbox 742 1633 931 1676; x_wconf 74' lang='lat' dir='ltr'><strong>sapientes.</strong></span> 
     </span>
     <span class='ocr_line' id='line_1_27' title="bbox 186 1679 931 1724; baseline 0.001 -11"><span class='ocrx_word' id='word_1_234' title='bbox 186 1679 277 1714; x_wconf 82' lang='lat' dir='ltr'><strong>Dass</strong></span> <span class='ocrx_word' id='word_1_235' title='bbox 304 1680 369 1714; x_wconf 83' lang='lat' dir='ltr'><strong>das</strong></span> <span class='ocrx_word' id='word_1_236' title='bbox 396 1682 623 1724; x_wconf 81' lang='lat' dir='ltr'><strong>sogenannte</strong></span> <span class='ocrx_word' id='word_1_237' title='bbox 649 1680 809 1723; x_wconf 86' lang='lat' dir='ltr'><strong>goldene</strong></span> <span class='ocrx_word' id='word_1_238' title='bbox 835 1679 931 1714; x_wconf 79' lang='lat' dir='ltr'><strong>Zeit-</strong></span> 
     </span>
     <span class='ocr_line' id='line_1_28' title="bbox 189 1726 930 1769; baseline -0.003 -8"><span class='ocrx_word' id='word_1_239' title='bbox 189 1727 284 1761; x_wconf 72' lang='lat' dir='ltr'><strong>alter</strong></span> <span class='ocrx_word' id='word_1_240' title='bbox 309 1726 374 1760; x_wconf 87' lang='lat' dir='ltr'><strong>das</strong></span> <span class='ocrx_word' id='word_1_241' title='bbox 395 1727 570 1761; x_wconf 75' lang='lat' dir='ltr'><strong>Zeitalter</strong></span> <span class='ocrx_word' id='word_1_242' title='bbox 596 1727 660 1760; x_wconf 86' lang='lat' dir='ltr'><strong>der</strong></span> <span class='ocrx_word' id='word_1_243' title='bbox 674 1726 824 1761; x_wconf 80' lang='lat' dir='ltr'><strong>VVeisen</strong></span> <span class='ocrx_word' id='word_1_244' title='bbox 845 1737 930 1769; x_wconf 82' lang='lat' dir='ltr'><strong>war,</strong></span> 
     </span>
     <span class='ocr_line' id='line_1_29' title="bbox 188 1773 932 1817; baseline 0 -10"><span class='ocrx_word' id='word_1_245' title='bbox 188 1774 333 1807; x_wconf 77' lang='lat' dir='ltr'><strong>lehrten</strong></span> <span class='ocrx_word' id='word_1_246' title='bbox 377 1773 604 1808; x_wconf 72' lang='lat' dir='ltr'><strong>namentlich</strong></span> <span class='ocrx_word' id='word_1_247' title='bbox 650 1773 708 1807; x_wconf 86' lang='lat' dir='ltr'><strong>die</strong></span> <span class='ocrx_word' id='word_1_248' title='bbox 750 1773 932 1817; x_wconf 71' lang='lat' dir='ltr'><strong>jungeren</strong></span> 
     </span>
     <span class='ocr_line' id='line_1_30' title="bbox 190 1819 931 1863; baseline 0 -9"><span class='ocrx_word' id='word_1_249' title='bbox 190 1819 348 1863; x_wconf 83' lang='lat' dir='ltr'><strong>Stoiker⁷</strong></span> <span class='ocrx_word' id='word_1_250' title='bbox 374 1821 575 1854; x_wconf 83' lang='lat' dir='ltr'><strong>besonders</strong></span> <span class='ocrx_word' id='word_1_251' title='bbox 590 1820 824 1862; x_wconf 77' lang='lat' dir='ltr'><strong>Posidonius3</strong></span> <span class='ocrx_word' id='word_1_252' title='bbox 851 1819 931 1854; x_wconf 80' lang='lat' dir='ltr'><strong>dass</strong></span> 
     </span>
     <span class='ocr_line' id='line_1_31' title="bbox 190 1866 931 1911; baseline -0.001 -10"><span class='ocrx_word' id='word_1_253' title='bbox 190 1867 285 1901; x_wconf 83' lang='lat' dir='ltr'><strong>auch</strong></span> <span class='ocrx_word' id='word_1_254' title='bbox 317 1867 377 1902; x_wconf 85' lang='lat' dir='ltr'><strong>die</strong></span> <span class='ocrx_word' id='word_1_255' title='bbox 409 1867 613 1911; x_wconf 86' lang='lat' dir='ltr'><strong>Epikureer</strong></span> <span class='ocrx_word' id='word_1_256' title='bbox 643 1867 702 1901; x_wconf 83' lang='lat' dir='ltr'><strong>ihr</strong></span> <span class='ocrx_word' id='word_1_257' title='bbox 733 1866 836 1901; x_wconf 75' lang='lat' dir='ltr'><strong>Idea}</strong></span> <span class='ocrx_word' id='word_1_258' title='bbox 867 1867 931 1900; x_wconf 87' lang='lat' dir='ltr'><strong>der</strong></span> 
     </span>
     <span class='ocr_line' id='line_1_32' title="bbox 189 1913 931 1958; baseline 0 -11"><span class='ocrx_word' id='word_1_259' title='bbox 189 1913 373 1948; x_wconf 75' lang='lat' dir='ltr'><strong>Weisheit</strong></span> <span class='ocrx_word' id='word_1_260' title='bbox 410 1914 447 1948; x_wconf 89' lang='lat' dir='ltr'><strong>in</strong></span> <span class='ocrx_word' id='word_1_261' title='bbox 481 1914 567 1958; x_wconf 85' lang='lat' dir='ltr'><strong>jene</strong></span> <span class='ocrx_word' id='word_1_262' title='bbox 604 1913 684 1947; x_wconf 76' lang='lat' dir='ltr'><strong>Zeit</strong></span> <span class='ocrx_word' id='word_1_263' title='bbox 714 1916 931 1957; x_wconf 73' lang='lat' dir='ltr'><strong>versetzten,</strong></span> 
     </span>
     <span class='ocr_line' id='line_1_33' title="bbox 188 1959 932 2005; baseline 0 -11"><span class='ocrx_word' id='word_1_264' title='bbox 188 1960 281 1994; x_wconf 86' lang='lat' dir='ltr'><strong>wird</strong></span> <span class='ocrx_word' id='word_1_265' title='bbox 301 1962 402 1995; x_wconf 73' lang='lat' dir='ltr'><strong>sonst</strong></span> <span class='ocrx_word' id='word_1_266' title='bbox 422 1960 597 2005; x_wconf 82' lang='lat' dir='ltr'><strong>nirgends</strong></span> <span class='ocrx_word' id='word_1_267' title='bbox 617 1960 811 1995; x_wconf 74' lang='lat' dir='ltr'><strong>berichtet.</strong></span> <span class='ocrx_word' id='word_1_268' title='bbox 832 1959 932 1994; x_wconf 83' lang='lat' dir='ltr'><strong>Viel-</strong></span> 
     </span>
     <span class='ocr_line' id='line_1_34' title="bbox 190 2006 932 2051; baseline 0 -10"><span class='ocrx_word' id='word_1_269' title='bbox 190 2007 306 2041; x_wconf 73' lang='lat' dir='ltr'><strong>leicht</strong></span> <span class='ocrx_word' id='word_1_270' title='bbox 337 2007 386 2042; x_wconf 72' lang='lat' dir='ltr'><strong>isi:</strong></span> <span class='ocrx_word' id='word_1_271' title='bbox 417 2008 596 2051; x_wconf 80' lang='lat' dir='ltr'><strong>sapientes</strong></span> <span class='ocrx_word' id='word_1_272' title='bbox 631 2007 691 2041; x_wconf 88' lang='lat' dir='ltr'><strong>ein</strong></span> <span class='ocrx_word' id='word_1_273' title='bbox 718 2008 849 2041; x_wconf 77' lang='lat' dir='ltr'><strong>Zusatz</strong></span> <span class='ocrx_word' id='word_1_274' title='bbox 876 2006 932 2041; x_wconf 90' lang='lat' dir='ltr'><strong>Ci-</strong></span> 
     </span>
     <span class='ocr_line' id='line_1_35' title="bbox 191 2053 931 2098; baseline 0 -10"><span class='ocrx_word' id='word_1_275' title='bbox 191 2065 309 2097; x_wconf 75' lang='lat' dir='ltr'><strong>cerOS,</strong></span> <span class='ocrx_word' id='word_1_276' title='bbox 343 2054 407 2088; x_wconf 84' lang='lat' dir='ltr'><strong>der</strong></span> <span class='ocrx_word' id='word_1_277' title='bbox 438 2053 543 2088; x_wconf 75' lang='lat' dir='ltr'><strong>nicht</strong></span> <span class='ocrx_word' id='word_1_278' title='bbox 567 2054 605 2088; x_wconf 90' lang='lat' dir='ltr'><strong>in</strong></span> <span class='ocrx_word' id='word_1_279' title='bbox 632 2054 752 2088; x_wconf 86' lang='lat' dir='ltr'><strong>seiner</strong></span> <span class='ocrx_word' id='word_1_280' title='bbox 777 2054 931 2098; x_wconf 83' lang='lat' dir='ltr'><strong>griechi-</strong></span> 
     </span>
     <span class='ocr_line' id='line_1_36' title="bbox 191 2100 606 2142; baseline -0.002 -7"><span class='ocrx_word' id='word_1_281' title='bbox 191 2101 303 2135; x_wconf 88' lang='lat' dir='ltr'><strong>schen</strong></span> <span class='ocrx_word' id='word_1_282' title='bbox 331 2100 460 2142; x_wconf 84' lang='lat' dir='ltr'><strong>Quelle</strong></span> <span class='ocrx_word' id='word_1_283' title='bbox 488 2101 606 2135; x_wconf 79' lang='lat' dir='ltr'><strong>stand.</strong></span> 
     </span>
    </p>

    <p class='ocr_par' dir='ltr' id='par_1_7' title="bbox 191 2146 934 2284">
     <span class='ocr_line' id='line_1_37' title="bbox 241 2146 933 2190; baseline -0.003 -8"><span class='ocrx_word' id='word_1_284' title='bbox 241 2152 317 2182; x_wconf 81' lang='lat'>117.</span> <span class='ocrx_word' id='word_1_285' title='bbox 345 2148 504 2190; x_wconf 83' lang='lat' dir='ltr'><strong>Etenim,</strong></span> <span class='ocrx_word' id='word_1_286' title='bbox 527 2148 633 2181; x_wconf 88' lang='lat' dir='ltr'><strong>einen</strong></span> <span class='ocrx_word' id='word_1_287' title='bbox 652 2157 772 2181; x_wconf 88' lang='lat' dir='ltr'><strong>neuen</strong></span> <span class='ocrx_word' id='word_1_288' title='bbox 791 2146 933 2181; x_wconf 86' lang='lat' dir='ltr'><strong>Beweis</strong></span> 
     </span>
     <span class='ocr_line' id='line_1_38' title="bbox 191 2193 934 2238; baseline 0 -10"><span class='ocrx_word' id='word_1_289' title='bbox 191 2194 425 2237; x_wconf 81' lang='lat' dir='ltr'><strong>einffihrend,</strong></span> <span class='ocrx_word' id='word_1_290' title='bbox 467 2207 493 2230; x_wconf 87' lang='lat' dir='ltr'><strong>s.</strong></span> <span class='ocrx_word' id='word_1_291' title='bbox 520 2207 547 2228; x_wconf 88' lang='lat' dir='ltr'><strong>z.</strong></span> <span class='ocrx_word' id='word_1_292' title='bbox 574 2194 627 2228; x_wconf 86' lang='grc' dir='ltr'><strong>ΙΙΙ</strong></span> <span class='ocrx_word' id='word_1_293' title='bbox 653 2198 685 2237; x_wconf 84' lang='lat'><strong>9,</strong></span> <span class='ocrx_word' id='word_1_294' title='bbox 712 2198 767 2228; x_wconf 80' lang='lat'><strong>20.</strong></span> <span class='ocrx_word' id='word_1_295' title='bbox 801 2193 850 2228; x_wconf 88' lang='lat' dir='ltr'><strong>IV</strong></span> <span class='ocrx_word' id='word_1_296' title='bbox 880 2197 934 2238; x_wconf 77' lang='lat'><strong>17,</strong></span> 
     </span>
     <span class='ocr_line' id='line_1_39' title="bbox 191 2241 471 2284; baseline 0.007 -9"><span class='ocrx_word' id='word_1_297' title='bbox 191 2244 247 2276; x_wconf 87' lang='lat'><strong>40.</strong></span> <span class='ocrx_word' id='word_1_298' title='bbox 274 2241 306 2275; x_wconf 89' lang='lat' dir='ltr'>V</span> <span class='ocrx_word' id='word_1_299' title='bbox 333 2245 390 2284; x_wconf 81' lang='lat'><strong>23,</strong></span> <span class='ocrx_word' id='word_1_300' title='bbox 417 2246 471 2278; x_wconf 78' lang='lat'><strong>67.</strong></span> 
     </span>
    </p>

    <p class='ocr_par' dir='ltr' id='par_1_8' title="bbox 190 2287 936 2563">
     <span class='ocr_line' id='line_1_40' title="bbox 234 2287 934 2332; baseline 0 -11"><span class='ocrx_word' id='word_1_301' title='bbox 234 2289 395 2332; x_wconf 80' lang='lat' dir='ltr'><strong>primuni</strong></span> <span class='ocrx_word' id='word_1_302' title='bbox 432 2309 478 2313; x_wconf 93' lang='lat'><strong>-—</strong></span> <span class='ocrx_word' id='word_1_303' title='bbox 510 2289 569 2322; x_wconf 85' lang='lat' dir='ltr'><strong>sin</strong></span> <span class='ocrx_word' id='word_1_304' title='bbox 606 2288 707 2331; x_wconf 82' lang='lat' dir='ltr'><strong>forte.</strong></span> <span class='ocrx_word' id='word_1_305' title='bbox 759 2287 825 2321; x_wconf 85' lang='lat' dir='ltr'><strong>Die</strong></span> <span class='ocrx_word' id='word_1_306' title='bbox 865 2287 934 2321; x_wconf 88' lang='lat' dir='ltr'><strong>Be-</strong></span> 
     </span>
     <span class='ocr_line' id='line_1_41' title="bbox 190 2335 934 2379; baseline -0.003 -10"><span class='ocrx_word' id='word_1_307' title='bbox 190 2335 369 2379; x_wconf 86' lang='lat' dir='ltr'><strong>dingung,</strong></span> <span class='ocrx_word' id='word_1_308' title='bbox 395 2335 535 2369; x_wconf 86' lang='lat' dir='ltr'><strong>welche</strong></span> <span class='ocrx_word' id='word_1_309' title='bbox 562 2335 645 2369; x_wconf 90' lang='lat' dir='ltr'><strong>dem</strong></span> <span class='ocrx_word' id='word_1_310' title='bbox 665 2336 723 2369; x_wconf 87' lang='lat' dir='ltr'><strong>sin</strong></span> <span class='ocrx_word' id='word_1_311' title='bbox 742 2335 834 2377; x_wconf 78' lang='lat' dir='ltr'><strong>forte</strong></span> <span class='ocrx_word' id='word_1_312' title='bbox 853 2345 934 2369; x_wconf 85' lang='lat' dir='ltr'><strong>vor-</strong></span> 
     </span>
     <span class='ocr_line' id='line_1_42' title="bbox 191 2381 935 2426; baseline -0.003 -10"><span class='ocrx_word' id='word_1_313' title='bbox 191 2381 381 2426; x_wconf 83' lang='lat' dir='ltr'><strong>ausgehen</strong></span> <span class='ocrx_word' id='word_1_314' title='bbox 420 2382 547 2422; x_wconf 82' lang='lat' dir='ltr'><strong>sollte,</strong></span> <span class='ocrx_word' id='word_1_315' title='bbox 586 2381 635 2415; x_wconf 75' lang='lat' dir='ltr'><strong>ist</strong></span> <span class='ocrx_word' id='word_1_316' title='bbox 671 2394 715 2415; x_wconf 88' lang='lat' dir='ltr'><strong>zu</strong></span> <span class='ocrx_word' id='word_1_317' title='bbox 753 2384 935 2425; x_wconf 57' lang='lat' dir='ltr'><strong>erganzen</strong></span> 
     </span>
     <span class='ocr_line' id='line_1_43' title="bbox 192 2428 936 2471; baseline -0.001 -9"><span class='ocrx_word' id='word_1_318' title='bbox 192 2431 232 2471; x_wconf 82' lang='lat' dir='ltr'><strong>(s.</strong></span> <span class='ocrx_word' id='word_1_319' title='bbox 260 2441 288 2464; x_wconf 89' lang='lat' dir='ltr'><strong>z.</strong></span> <span class='ocrx_word' id='word_1_320' title='bbox 315 2429 331 2462; x_wconf 89' lang='lat' dir='ltr'>I</span> <span class='ocrx_word' id='word_1_321' title='bbox 358 2432 376 2470; x_wconf 66' lang='grc' dir='ltr'><strong>ἓ</strong></span> <span class='ocrx_word' id='word_1_322' title='bbox 400 2431 493 2471; x_wconf 82' lang='grc'>119),</span> <span class='ocrx_word' id='word_1_323' title='bbox 521 2428 684 2461; x_wconf 63' lang='grc' dir='ltr'><strong>Πέἱῐηῇοὶι</strong></span> <span class='ocrx_word' id='word_1_324' title='bbox 709 2429 741 2462; x_wconf 83' lang='lat' dir='ltr'><strong>si</strong></span> <span class='ocrx_word' id='word_1_325' title='bbox 767 2428 936 2462; x_wconf 73' lang='lat' dir='ltr'><strong>acerrimi</strong></span> 
     </span>
     <span class='ocr_line' id='line_1_44' title="bbox 190 2474 934 2519; baseline -0.001 -10"><span class='ocrx_word' id='word_1_326' title='bbox 190 2479 285 2509; x_wconf 80' lang='lat' dir='ltr'><strong>sunt.</strong></span> <span class='ocrx_word' id='word_1_327' title='bbox 329 2475 405 2509; x_wconf 85' lang='lat' dir='ltr'><strong>Auf</strong></span> <span class='ocrx_word' id='word_1_328' title='bbox 421 2475 583 2519; x_wconf 76' lang='lat' dir='ltr'><strong>primum</strong></span> <span class='ocrx_word' id='word_1_329' title='bbox 609 2474 705 2518; x_wconf 75' lang='lat' dir='ltr'><strong>folgt</strong></span> <span class='ocrx_word' id='word_1_330' title='bbox 725 2474 794 2508; x_wconf 72' lang='lat' dir='ltr'><strong>mit</strong></span> <span class='ocrx_word' id='word_1_331' title='bbox 813 2474 934 2508; x_wconf 88' lang='lat' dir='ltr'><strong>einem</strong></span> 
     </span>
     <span class='ocr_line' id='line_1_45' title="bbox 190 2521 932 2563; baseline 0 -8"><span class='ocrx_word' id='word_1_332' title='bbox 190 2521 365 2556; x_wconf 81' lang='lat' dir='ltr'><strong>Wechsel</strong></span> <span class='ocrx_word' id='word_1_333' title='bbox 385 2522 449 2556; x_wconf 84' lang='lat' dir='ltr'><strong>der</strong></span> <span class='ocrx_word' id='word_1_334' title='bbox 463 2521 732 2556; x_wconf 74' lang='lat' dir='ltr'><strong>Konstruktion</strong></span> <span class='ocrx_word' id='word_1_335' title='bbox 752 2522 809 2554; x_wconf 85' lang='lat' dir='ltr'><strong>sin</strong></span> <span class='ocrx_word' id='word_1_336' title='bbox 829 2523 932 2563; x_wconf 85' lang='lat' dir='ltr'><strong>forte.</strong></span> 
     </span>
    </p>

    <p class='ocr_par' dir='ltr' id='par_1_9' title="bbox 190 2568 934 2790">
     <span class='ocr_line' id='line_1_46' title="bbox 238 2568 933 2613; baseline -0.003 -10"><span class='ocrx_word' id='word_1_337' title='bbox 238 2580 345 2613; x_wconf 75' lang='lat' dir='ltr'><strong>quam</strong></span> <span class='ocrx_word' id='word_1_338' title='bbox 371 2572 411 2602; x_wconf 76' lang='lat' dir='ltr'><strong>at</strong></span> <span class='ocrx_word' id='word_1_339' title='bbox 437 2579 548 2603; x_wconf 79' lang='lat' dir='ltr'><strong>cansa</strong></span> <span class='ocrx_word' id='word_1_340' title='bbox 572 2569 631 2610; x_wconf 80' lang='lat' dir='ltr'><strong>sit,</strong></span> <span class='ocrx_word' id='word_1_341' title='bbox 657 2579 722 2602; x_wconf 79' lang='lat' dir='ltr'><strong>cur</strong></span> <span class='ocrx_word' id='word_1_342' title='bbox 746 2568 933 2610; x_wconf 71' lang='lat' dir='ltr'><strong>serantur:</strong></span> 
     </span>
     <span class='ocr_line' id='line_1_47' title="bbox 190 2615 934 2660; baseline -0.003 -10"><span class='ocrx_word' id='word_1_343' title='bbox 190 2616 265 2659; x_wconf 86' lang='lat' dir='ltr'><strong>vgl.</strong></span> <span class='ocrx_word' id='word_1_344' title='bbox 290 2615 324 2649; x_wconf 82' lang='grc' dir='ltr'><strong>Π</strong></span> <span class='ocrx_word' id='word_1_345' title='bbox 349 2620 405 2657; x_wconf 79' lang='lat'><strong>27,</strong></span> <span class='ocrx_word' id='word_1_346' title='bbox 433 2620 474 2650; x_wconf 84' lang='grc'><strong>67</strong></span> <span class='ocrx_word' id='word_1_347' title='bbox 502 2615 714 2660; x_wconf 58' lang='lat' dir='ltr'><strong>umentibus</strong></span> <span class='ocrx_word' id='word_1_348' title='bbox 739 2615 877 2658; x_wconf 80' lang='lat' dir='ltr'><strong>asperis</strong></span> <span class='ocrx_word' id='word_1_349' title='bbox 902 2618 934 2648; x_wconf 86' lang='lat' dir='ltr'><strong>et</strong></span> 
     </span>
     <span class='ocr_line' id='line_1_48' title="bbox 192 2662 934 2704; baseline -0.003 -8"><span class='ocrx_word' id='word_1_350' title='bbox 192 2663 326 2697; x_wconf 84' lang='lat' dir='ltr'><strong>odiosis</strong></span> <span class='ocrx_word' id='word_1_351' title='bbox 351 2663 552 2704; x_wconf 82' lang='lat' dir='ltr'><strong>doloribus,</strong></span> <span class='ocrx_word' id='word_1_352' title='bbox 586 2663 619 2697; x_wconf 80' lang='lat' dir='ltr'><strong>si</strong></span> <span class='ocrx_word' id='word_1_353' title='bbox 650 2662 746 2696; x_wconf 85' lang='lat' dir='ltr'><strong>tanti</strong></span> <span class='ocrx_word' id='word_1_354' title='bbox 770 2662 861 2704; x_wconf 81' lang='lat' dir='ltr'><strong>sint,</strong></span> <span class='ocrx_word' id='word_1_355' title='bbox 894 2665 934 2695; x_wconf 82' lang='lat' dir='ltr'><strong>at</strong></span> 
     </span>
     <span class='ocr_line' id='line_1_49' title="bbox 192 2708 932 2753; baseline -0.003 -10"><span class='ocrx_word' id='word_1_356' title='bbox 192 2709 333 2752; x_wconf 81' lang='lat' dir='ltr'><strong>ferendi</strong></span> <span class='ocrx_word' id='word_1_357' title='bbox 356 2720 430 2744; x_wconf 86' lang='lat' dir='ltr'><strong>non</strong></span> <span class='ocrx_word' id='word_1_358' title='bbox 454 2710 539 2751; x_wconf 82' lang='lat' dir='ltr'><strong>sint,</strong></span> <span class='ocrx_word' id='word_1_359' title='bbox 565 2720 633 2753; x_wconf 80' lang='lat' dir='ltr'><strong>quo</strong></span> <span class='ocrx_word' id='word_1_360' title='bbox 659 2709 705 2743; x_wconf 85' lang='lat' dir='ltr'><strong>sit</strong></span> <span class='ocrx_word' id='word_1_361' title='bbox 725 2708 932 2753; x_wconf 76' lang='lat' dir='ltr'><strong>confuyien-</strong></span> 
     </span>
     <span class='ocr_line' id='line_1_50' title="bbox 193 2756 409 2790; baseline 0 0"><span class='ocrx_word' id='word_1_362' title='bbox 193 2756 277 2790; x_wconf 77' lang='lat' dir='ltr'><strong>dum</strong></span> <span class='ocrx_word' id='word_1_363' title='bbox 302 2757 409 2790; x_wconf 82' lang='lat' dir='ltr'><strong>vides.</strong></span> 
     </span>
    </p>

    <p class='ocr_par' dir='ltr' id='par_1_10' title="bbox 240 2801 934 2847">
     <span class='ocr_line' id='line_1_51' title="bbox 240 2801 934 2847; baseline 0 -11"><span class='ocrx_word' id='word_1_364' title='bbox 240 2803 333 2837; x_wconf 82' lang='lat' dir='ltr'><strong>nihil</strong></span> <span class='ocrx_word' id='word_1_365' title='bbox 357 2803 534 2838; x_wconf 81' lang='lat' dir='ltr'><strong>sentiendi</strong></span> <span class='ocrx_word' id='word_1_366' title='bbox 564 2803 842 2847; x_wconf 70' lang='lat' dir='ltr'><strong>receptaculum,</strong></span> <span class='ocrx_word' id='word_1_367' title='bbox 874 2801 934 2836; x_wconf 86' lang='lat' dir='ltr'><strong>ein</strong></span> 
     </span>
    </p>
   </div>
   <div class='ocr_carea' id='block_1_3' title="bbox 1004 1631 1748 2835">
    <p class='ocr_par' dir='ltr' id='par_1_11' title="bbox 1005 1631 1746 1761">
     <span class='ocr_line' id='line_1_52' title="bbox 1006 1631 1746 1677; baseline 0 -11"><span class='ocrx_word' id='word_1_368' title='bbox 1006 1632 1264 1675; x_wconf 78' lang='lat' dir='ltr'><strong>Zufluchtsort‚</strong></span> <span class='ocrx_word' id='word_1_369' title='bbox 1291 1643 1347 1666; x_wconf 80' lang='lat' dir='ltr'><strong>wo</strong></span> <span class='ocrx_word' id='word_1_370' title='bbox 1373 1632 1440 1666; x_wconf 86' lang='lat' dir='ltr'><strong>wir</strong></span> <span class='ocrx_word' id='word_1_371' title='bbox 1466 1632 1558 1667; x_wconf 84' lang='lat' dir='ltr'><strong>aller</strong></span> <span class='ocrx_word' id='word_1_372' title='bbox 1582 1631 1746 1677; x_wconf 88' lang='lat' dir='ltr'><strong>Empfiu-</strong></span> 
     </span>
     <span class='ocr_line' id='line_1_53' title="bbox 1006 1678 1745 1723; baseline 0.001 -10"><span class='ocrx_word' id='word_1_373' title='bbox 1006 1679 1107 1723; x_wconf 89' lang='lat' dir='ltr'><strong>dung</strong></span> <span class='ocrx_word' id='word_1_374' title='bbox 1139 1679 1311 1713; x_wconf 76' lang='lat' dir='ltr'><strong>entriickt</strong></span> <span class='ocrx_word' id='word_1_375' title='bbox 1343 1678 1435 1713; x_wconf 87' lang='lat' dir='ltr'><strong>sind.</strong></span> <span class='ocrx_word' id='word_1_376' title='bbox 1488 1679 1522 1713; x_wconf 84' lang='lat' dir='ltr'><strong>S.</strong></span> <span class='ocrx_word' id='word_1_377' title='bbox 1550 1691 1578 1713; x_wconf 91' lang='lat' dir='ltr'><strong>z.</strong></span> <span class='ocrx_word' id='word_1_378' title='bbox 1607 1683 1668 1722; x_wconf 91' lang='lat'><strong>31,</strong></span> <span class='ocrx_word' id='word_1_379' title='bbox 1702 1682 1745 1714; x_wconf 90' lang='grc'><strong>88</strong></span> 
     </span>
     <span class='ocr_line' id='line_1_54' title="bbox 1005 1726 1608 1761; baseline 0 -1"><span class='ocrx_word' id='word_1_380' title='bbox 1005 1726 1047 1761; x_wconf 79' lang='lat' dir='ltr'><strong>de</strong></span> <span class='ocrx_word' id='word_1_381' title='bbox 1072 1729 1183 1760; x_wconf 83' lang='lat' dir='ltr'><strong>morte</strong></span> <span class='ocrx_word' id='word_1_382' title='bbox 1209 1727 1303 1760; x_wconf 80' lang='lat' dir='ltr'><strong>enim</strong></span> <span class='ocrx_word' id='word_1_383' title='bbox 1328 1726 1382 1760; x_wconf 86' lang='lat' dir='ltr'><strong>ita</strong></span> <span class='ocrx_word' id='word_1_384' title='bbox 1407 1727 1515 1760; x_wconf 86' lang='lat' dir='ltr'><strong>sentit</strong></span> <span class='ocrx_word' id='word_1_385' title='bbox 1541 1728 1608 1760; x_wconf 78' lang='lat' dir='ltr'><strong>cet.</strong></span> 
     </span>
    </p>

    <p class='ocr_par' dir='ltr' id='par_1_12' title="bbox 1004 1771 1748 2144">
     <span class='ocr_line' id='line_1_55' title="bbox 1057 1771 1747 1813; baseline 0 -7"><span class='ocrx_word' id='word_1_386' title='bbox 1057 1772 1280 1813; x_wconf 79' lang='lat' dir='ltr'><strong>Theodorus,</strong></span> <span class='ocrx_word' id='word_1_387' title='bbox 1318 1772 1388 1807; x_wconf 81' lang='lat' dir='ltr'><strong>mit</strong></span> <span class='ocrx_word' id='word_1_388' title='bbox 1426 1772 1509 1807; x_wconf 87' lang='lat' dir='ltr'><strong>dem</strong></span> <span class='ocrx_word' id='word_1_389' title='bbox 1546 1771 1747 1807; x_wconf 85' lang='lat' dir='ltr'><strong>Beinamen</strong></span> 
     </span>
     <span class='ocr_line' id='line_1_56' title="bbox 1004 1816 1746 1863; baseline 0 -10"><span class='ocrx_word' id='word_1_390' title='bbox 1004 1816 1134 1863; x_wconf 76' lang='grc' dir='ltr'><strong><em>ἄθεος,</em></strong></span> <span class='ocrx_word' id='word_1_391' title='bbox 1161 1832 1186 1853; x_wconf 80' lang='lat' dir='ltr'><strong>s.</strong></span> <span class='ocrx_word' id='word_1_392' title='bbox 1209 1832 1236 1853; x_wconf 85' lang='lat' dir='ltr'><strong>z.</strong></span> <span class='ocrx_word' id='word_1_393' title='bbox 1264 1819 1279 1852; x_wconf 91' lang='lat' dir='ltr'>I</span> <span class='ocrx_word' id='word_1_394' title='bbox 1305 1824 1360 1861; x_wconf 85' lang='lat'><strong>43,</strong></span> <span class='ocrx_word' id='word_1_395' title='bbox 1392 1824 1467 1854; x_wconf 81' lang='lat'>102.</span> <span class='ocrx_word' id='word_1_396' title='bbox 1506 1818 1746 1863; x_wconf 82' lang='lat' dir='ltr'><strong>Lysimachus</strong></span> 
     </span>
     <span class='ocr_line' id='line_1_57' title="bbox 1004 1866 1748 1901; baseline 0.001 -2"><span class='ocrx_word' id='word_1_397' title='bbox 1004 1866 1053 1900; x_wconf 78' lang='lat' dir='ltr'><strong>ist</strong></span> <span class='ocrx_word' id='word_1_398' title='bbox 1084 1866 1149 1901; x_wconf 87' lang='lat' dir='ltr'><strong>der</strong></span> <span class='ocrx_word' id='word_1_399' title='bbox 1180 1866 1366 1901; x_wconf 75' lang='lat' dir='ltr'><strong>bekannte</strong></span> <span class='ocrx_word' id='word_1_400' title='bbox 1400 1866 1558 1900; x_wconf 83' lang='lat' dir='ltr'><strong>General</strong></span> <span class='ocrx_word' id='word_1_401' title='bbox 1588 1866 1748 1900; x_wconf 84' lang='lat' dir='ltr'><strong>Alexan—</strong></span> 
     </span>
     <span class='ocr_line' id='line_1_58' title="bbox 1006 1912 1748 1956; baseline 0 -9"><span class='ocrx_word' id='word_1_402' title='bbox 1006 1913 1104 1956; x_wconf 72' lang='grc' dir='ltr'>ἀει-ε,</span> <span class='ocrx_word' id='word_1_403' title='bbox 1157 1913 1222 1948; x_wconf 85' lang='lat' dir='ltr'><strong>der</strong></span> <span class='ocrx_word' id='word_1_404' title='bbox 1264 1924 1335 1947; x_wconf 84' lang='lat' dir='ltr'><strong>von</strong></span> <span class='ocrx_word' id='word_1_405' title='bbox 1381 1912 1558 1947; x_wconf 80' lang='lat' dir='ltr'><strong>Seleukus</strong></span> <span class='ocrx_word' id='word_1_406' title='bbox 1602 1912 1640 1947; x_wconf 86' lang='lat' dir='ltr'><strong>in</strong></span> <span class='ocrx_word' id='word_1_407' title='bbox 1684 1912 1748 1947; x_wconf 83' lang='lat' dir='ltr'><strong>der</strong></span> 
     </span>
     <span class='ocr_line' id='line_1_59' title="bbox 1007 1959 1746 2004; baseline -0.001 -10"><span class='ocrx_word' id='word_1_408' title='bbox 1007 1959 1185 1994; x_wconf 79' lang='lat' dir='ltr'><strong>Schlacht</strong></span> <span class='ocrx_word' id='word_1_409' title='bbox 1218 1960 1279 1994; x_wconf 87' lang='lat' dir='ltr'><strong>bei</strong></span> <span class='ocrx_word' id='word_1_410' title='bbox 1310 1960 1549 2004; x_wconf 84' lang='lat' dir='ltr'><strong>Kurupedion</strong></span> <span class='ocrx_word' id='word_1_411' title='bbox 1579 1963 1646 1994; x_wconf 80' lang='lat'><strong>281</strong></span> <span class='ocrx_word' id='word_1_412' title='bbox 1685 1970 1746 2003; x_wconf 85' lang='lat' dir='ltr'><strong>ge—</strong></span> 
     </span>
     <span class='ocr_line' id='line_1_60' title="bbox 1007 2006 1748 2051; baseline -0.001 -11"><span class='ocrx_word' id='word_1_413' title='bbox 1007 2006 1185 2051; x_wconf 83' lang='lat' dir='ltr'><strong>schlageu</strong></span> <span class='ocrx_word' id='word_1_414' title='bbox 1224 2007 1299 2040; x_wconf 89' lang='lat' dir='ltr'><strong>und</strong></span> <span class='ocrx_word' id='word_1_415' title='bbox 1337 2007 1481 2051; x_wconf 68' lang='lat' dir='ltr'><strong>getotet</strong></span> <span class='ocrx_word' id='word_1_416' title='bbox 1511 2006 1646 2042; x_wconf 82' lang='lat' dir='ltr'><strong>wurde.</strong></span> <span class='ocrx_word' id='word_1_417' title='bbox 1696 2006 1748 2040; x_wconf 92' lang='lat' dir='ltr'><strong>Zu</strong></span> 
     </span>
     <span class='ocr_line' id='line_1_61' title="bbox 1006 2053 1747 2088; baseline 0.001 -2"><span class='ocrx_word' id='word_1_418' title='bbox 1006 2053 1083 2087; x_wconf 85' lang='lat' dir='ltr'><strong>ihm</strong></span> <span class='ocrx_word' id='word_1_419' title='bbox 1110 2065 1186 2088; x_wconf 84' lang='lat' dir='ltr'><strong>war</strong></span> <span class='ocrx_word' id='word_1_420' title='bbox 1205 2053 1422 2087; x_wconf 80' lang='lat' dir='ltr'><strong>Theodorus</strong></span> <span class='ocrx_word' id='word_1_421' title='bbox 1442 2064 1515 2087; x_wconf 90' lang='lat' dir='ltr'><strong>von</strong></span> <span class='ocrx_word' id='word_1_422' title='bbox 1534 2053 1747 2087; x_wconf 68' lang='lat' dir='ltr'><strong>Ptolemaus</strong></span> 
     </span>
     <span class='ocr_line' id='line_1_62' title="bbox 1006 2099 1642 2144; baseline 0 -11"><span class='ocrx_word' id='word_1_423' title='bbox 1006 2099 1099 2143; x_wconf 82' lang='lat' dir='ltr'><strong>Lagi</strong></span> <span class='ocrx_word' id='word_1_424' title='bbox 1125 2100 1180 2134; x_wconf 80' lang='lat' dir='ltr'><strong>als</strong></span> <span class='ocrx_word' id='word_1_425' title='bbox 1208 2099 1414 2134; x_wconf 76' lang='lat' dir='ltr'><strong>Gesandter</strong></span> <span class='ocrx_word' id='word_1_426' title='bbox 1440 2099 1642 2144; x_wconf 81' lang='lat' dir='ltr'><strong>geschickt.</strong></span> 
     </span>
    </p>

    <p class='ocr_par' dir='ltr' id='par_1_13' title="bbox 1006 2146 1747 2517">
     <span class='ocr_line' id='line_1_63' title="bbox 1053 2146 1746 2181; baseline 0 -1"><span class='ocrx_word' id='word_1_427' title='bbox 1053 2147 1298 2181; x_wconf 84' lang='lat' dir='ltr'><strong>cantharidis:</strong></span> <span class='ocrx_word' id='word_1_428' title='bbox 1342 2147 1529 2181; x_wconf 76' lang='lat' dir='ltr'><strong>cantharis</strong></span> <span class='ocrx_word' id='word_1_429' title='bbox 1572 2146 1623 2180; x_wconf 82' lang='lat' dir='ltr'><strong>ist</strong></span> <span class='ocrx_word' id='word_1_430' title='bbox 1665 2146 1746 2180; x_wconf 85' lang='lat' dir='ltr'><strong>eine</strong></span> 
     </span>
     <span class='ocr_line' id='line_1_64' title="bbox 1006 2192 1746 2238; baseline -0.001 -11"><span class='ocrx_word' id='word_1_431' title='bbox 1006 2193 1140 2237; x_wconf 77' lang='lat' dir='ltr'><strong>giftige</strong></span> <span class='ocrx_word' id='word_1_432' title='bbox 1161 2192 1299 2238; x_wconf 83' lang='lat' dir='ltr'><strong>Fliege,</strong></span> <span class='ocrx_word' id='word_1_433' title='bbox 1327 2193 1437 2227; x_wconf 86' lang='lat' dir='ltr'><strong>deren</strong></span> <span class='ocrx_word' id='word_1_434' title='bbox 1459 2193 1537 2228; x_wconf 80' lang='lat' dir='ltr'><strong>Gift</strong></span> <span class='ocrx_word' id='word_1_435' title='bbox 1562 2192 1620 2227; x_wconf 86' lang='lat' dir='ltr'><strong>die</strong></span> <span class='ocrx_word' id='word_1_436' title='bbox 1634 2193 1746 2227; x_wconf 81' lang='lat' dir='ltr'><strong>Alten</strong></span> 
     </span>
     <span class='ocr_line' id='line_1_65' title="bbox 1006 2239 1746 2276; baseline 0 -2"><span class='ocrx_word' id='word_1_437' title='bbox 1006 2239 1111 2274; x_wconf 77' lang='lat' dir='ltr'><strong>nicht</strong></span> <span class='ocrx_word' id='word_1_438' title='bbox 1145 2240 1262 2274; x_wconf 76' lang='lat' dir='ltr'><strong>seiten</strong></span> <span class='ocrx_word' id='word_1_439' title='bbox 1297 2240 1528 2274; x_wconf 78' lang='lat' dir='ltr'><strong>anwandten.</strong></span> <span class='ocrx_word' id='word_1_440' title='bbox 1580 2239 1628 2274; x_wconf 82' lang='lat' dir='ltr'><strong>ad</strong></span> <span class='ocrx_word' id='word_1_441' title='bbox 1658 2239 1746 2276; x_wconf 81' lang='lat' dir='ltr'><strong>fam.</strong></span> 
     </span>
     <span class='ocr_line' id='line_1_66' title="bbox 1006 2285 1745 2329; baseline 0.001 -9"><span class='ocrx_word' id='word_1_442' title='bbox 1006 2287 1056 2320; x_wconf 85' lang='lat' dir='ltr'><strong>IX</strong></span> <span class='ocrx_word' id='word_1_443' title='bbox 1083 2290 1147 2329; x_wconf 78' lang='lat'><strong>21,</strong></span> <span class='ocrx_word' id='word_1_444' title='bbox 1182 2291 1201 2321; x_wconf 90' lang='lat'><strong>3</strong></span> <span class='ocrx_word' id='word_1_445' title='bbox 1242 2286 1278 2321; x_wconf 80' lang='grc' dir='ltr'><strong>Ο.</strong></span> <span class='ocrx_word' id='word_1_446' title='bbox 1319 2286 1436 2321; x_wconf 80' lang='lat' dir='ltr'><strong>Carbo</strong></span> <span class='ocrx_word' id='word_1_447' title='bbox 1473 2290 1665 2321; x_wconf 82' lang='lat' dir='ltr'><strong>accusante</strong></span> <span class='ocrx_word' id='word_1_448' title='bbox 1701 2285 1745 2320; x_wconf 89' lang='lat' dir='ltr'><strong>L.</strong></span> 
     </span>
     <span class='ocr_line' id='line_1_67' title="bbox 1009 2333 1746 2377; baseline 0 -10"><span class='ocrx_word' id='word_1_449' title='bbox 1009 2334 1138 2368; x_wconf 79' lang='lat' dir='ltr'><strong>Crasso</strong></span> <span class='ocrx_word' id='word_1_450' title='bbox 1170 2334 1407 2368; x_wconf 79' lang='lat' dir='ltr'><strong>cantharidas</strong></span> <span class='ocrx_word' id='word_1_451' title='bbox 1438 2334 1629 2377; x_wconf 72' lang='lat' dir='ltr'><strong>sumpsisse</strong></span> <span class='ocrx_word' id='word_1_452' title='bbox 1657 2333 1746 2374; x_wconf 62' lang='lat' dir='ltr'><strong>dici-</strong></span> 
     </span>
     <span class='ocr_line' id='line_1_68' title="bbox 1006 2379 1747 2424; baseline 0 -10"><span class='ocrx_word' id='word_1_453' title='bbox 1006 2384 1076 2414; x_wconf 80' lang='lat' dir='ltr'><strong>tur.</strong></span> <span class='ocrx_word' id='word_1_454' title='bbox 1122 2379 1189 2414; x_wconf 85' lang='lat' dir='ltr'><strong>Bei</strong></span> <span class='ocrx_word' id='word_1_455' title='bbox 1205 2379 1304 2415; x_wconf 80' lang='lat' dir='ltr'><strong>Stob.</strong></span> <span class='ocrx_word' id='word_1_456' title='bbox 1320 2380 1397 2415; x_wconf 90' lang='lat' dir='ltr'><strong>flor.</strong></span> <span class='ocrx_word' id='word_1_457' title='bbox 1413 2380 1504 2415; x_wconf 85' lang='lat'><strong>1133</strong></span> <span class='ocrx_word' id='word_1_458' title='bbox 1525 2381 1609 2424; x_wconf 65' lang='lat' dir='ltr'><strong>sagi}</strong></span> <span class='ocrx_word' id='word_1_459' title='bbox 1628 2380 1747 2414; x_wconf 83' lang='lat' dir='ltr'><strong>Theo-</strong></span> 
     </span>
     <span class='ocr_line' id='line_1_69' title="bbox 1007 2423 1746 2473; baseline -0.001 -12"><span class='ocrx_word' id='word_1_460' title='bbox 1007 2427 1115 2461; x_wconf 81' lang='lat' dir='ltr'><strong>dorus</strong></span> <span class='ocrx_word' id='word_1_461' title='bbox 1162 2424 1352 2471; x_wconf 78' lang='grc' dir='ltr'><strong><em>ἐλελήθεις</em></strong></span> <span class='ocrx_word' id='word_1_462' title='bbox 1395 2439 1438 2471; x_wconf 85' lang='grc' dir='ltr'><strong>με</strong></span> <span class='ocrx_word' id='word_1_463' title='bbox 1484 2423 1528 2461; x_wconf 77' lang='grc' dir='ltr'><strong>οὐ</strong></span> <span class='ocrx_word' id='word_1_464' title='bbox 1569 2425 1746 2473; x_wconf 78' lang='grc' dir='ltr'><strong><em>βασιλέως</em></strong></span> 
     </span>
     <span class='ocr_line' id='line_1_70' title="bbox 1007 2470 1604 2517; baseline 0.002 -10"><span class='ocrx_word' id='word_1_465' title='bbox 1007 2470 1098 2507; x_wconf 71' lang='grc' dir='ltr'><strong>ἀλλὰ</strong></span> <span class='ocrx_word' id='word_1_466' title='bbox 1125 2475 1284 2508; x_wconf 82' lang='grc' dir='ltr'><strong><em>κωνείου</em></strong></span> <span class='ocrx_word' id='word_1_467' title='bbox 1310 2471 1472 2517; x_wconf 79' lang='grc' dir='ltr'><em>δύναμιν</em></span> <span class='ocrx_word' id='word_1_468' title='bbox 1500 2472 1604 2517; x_wconf 77' lang='grc' dir='ltr'><strong><em>ἔχων.</em></strong></span> 
     </span>
    </p>

    <p class='ocr_par' dir='ltr' id='par_1_14' title="bbox 1005 2520 1746 2704">
     <span class='ocr_line' id='line_1_71' title="bbox 1055 2520 1746 2564; baseline 0 -10"><span class='ocrx_word' id='word_1_469' title='bbox 1055 2523 1132 2554; x_wconf 86' lang='grc'>118.</span> <span class='ocrx_word' id='word_1_470' title='bbox 1160 2525 1225 2555; x_wconf 79' lang='lat' dir='ltr'><strong>aut</strong></span> <span class='ocrx_word' id='word_1_471' title='bbox 1250 2521 1464 2564; x_wconf 73' lang='lat' dir='ltr'><strong>optandam:</strong></span> <span class='ocrx_word' id='word_1_472' title='bbox 1491 2520 1565 2564; x_wconf 87' lang='lat' dir='ltr'><strong>vgl.</strong></span> <span class='ocrx_word' id='word_1_473' title='bbox 1586 2520 1602 2553; x_wconf 93' lang='lat' dir='ltr'>I</span> <span class='ocrx_word' id='word_1_474' title='bbox 1621 2524 1676 2563; x_wconf 87' lang='lat'><strong>31,</strong></span> <span class='ocrx_word' id='word_1_475' title='bbox 1703 2523 1746 2554; x_wconf 79' lang='grc'><strong>76</strong></span> 
     </span>
     <span class='ocr_line' id='line_1_72' title="bbox 1005 2567 1746 2602; baseline 0 -1"><span class='ocrx_word' id='word_1_476' title='bbox 1005 2571 1046 2601; x_wconf 82' lang='lat' dir='ltr'><strong>ut</strong></span> <span class='ocrx_word' id='word_1_477' title='bbox 1076 2578 1199 2602; x_wconf 86' lang='lat' dir='ltr'><strong>verear</strong></span> <span class='ocrx_word' id='word_1_478' title='bbox 1230 2579 1274 2602; x_wconf 82' lang='lat' dir='ltr'><strong>ne</strong></span> <span class='ocrx_word' id='word_1_479' title='bbox 1304 2568 1442 2602; x_wconf 84' lang='lat' dir='ltr'><strong>homini</strong></span> <span class='ocrx_word' id='word_1_480' title='bbox 1472 2567 1567 2601; x_wconf 82' lang='lat' dir='ltr'><strong>nihil</strong></span> <span class='ocrx_word' id='word_1_481' title='bbox 1601 2567 1649 2601; x_wconf 74' lang='lat' dir='ltr'><strong>sit</strong></span> <span class='ocrx_word' id='word_1_482' title='bbox 1673 2576 1746 2601; x_wconf 74' lang='lat' dir='ltr'><strong>non</strong></span> 
     </span>
     <span class='ocr_line' id='line_1_73' title="bbox 1006 2613 1746 2656; baseline 0 -9"><span class='ocrx_word' id='word_1_483' title='bbox 1006 2615 1140 2648; x_wconf 82' lang='lat' dir='ltr'><strong>malum</strong></span> <span class='ocrx_word' id='word_1_484' title='bbox 1167 2615 1281 2656; x_wconf 82' lang='lat' dir='ltr'><strong>aliud,</strong></span> <span class='ocrx_word' id='word_1_485' title='bbox 1308 2618 1399 2649; x_wconf 85' lang='lat' dir='ltr'><strong>certe</strong></span> <span class='ocrx_word' id='word_1_486' title='bbox 1424 2615 1472 2648; x_wconf 85' lang='lat' dir='ltr'><strong>sit</strong></span> <span class='ocrx_word' id='word_1_487' title='bbox 1496 2614 1590 2648; x_wconf 82' lang='lat' dir='ltr'><strong>nihil</strong></span> <span class='ocrx_word' id='word_1_488' title='bbox 1615 2613 1746 2648; x_wconf 80' lang='lat' dir='ltr'><strong>bonum</strong></span> 
     </span>
     <span class='ocr_line' id='line_1_74' title="bbox 1007 2661 1265 2704; baseline 0.004 -9"><span class='ocrx_word' id='word_1_489' title='bbox 1007 2661 1111 2696; x_wconf 82' lang='lat' dir='ltr'><strong>aliud</strong></span> <span class='ocrx_word' id='word_1_490' title='bbox 1133 2662 1265 2704; x_wconf 80' lang='lat' dir='ltr'><strong>potius.</strong></span> 
     </span>
    </p>

    <p class='ocr_par' dir='ltr' id='par_1_15' title="bbox 1006 2703 1748 2835">
     <span class='ocr_line' id='line_1_75' title="bbox 1054 2703 1746 2752; baseline -0.001 -11"><span class='ocrx_word' id='word_1_491' title='bbox 1054 2707 1146 2752; x_wconf 83' lang='lat' dir='ltr'><strong>Kap.</strong></span> <span class='ocrx_word' id='word_1_492' title='bbox 1174 2706 1237 2742; x_wconf 85' lang='lat'><strong>41.</strong></span> <span class='ocrx_word' id='word_1_493' title='bbox 1281 2707 1359 2741; x_wconf 79' lang='lat' dir='ltr'><strong>Aut</strong></span> <span class='ocrx_word' id='word_1_494' title='bbox 1385 2707 1483 2741; x_wconf 81' lang='lat' dir='ltr'><strong>bibat</strong></span> <span class='ocrx_word' id='word_1_495' title='bbox 1509 2708 1576 2741; x_wconf 72' lang='lat' dir='ltr'><strong>cet.</strong></span> <span class='ocrx_word' id='word_1_496' title='bbox 1611 2703 1632 2750; x_wconf 81' lang='grc' dir='ltr'>ἦ</span> <span class='ocrx_word' id='word_1_497' title='bbox 1658 2707 1746 2740; x_wconf 78' lang='grc' dir='ltr'><em>πῖθι</em></span> 
     </span>
     <span class='ocr_line' id='line_1_76' title="bbox 1006 2750 1747 2797; baseline -0.003 -9"><span class='ocrx_word' id='word_1_498' title='bbox 1006 2750 1028 2797; x_wconf 81' lang='grc' dir='ltr'>ἢ</span> <span class='ocrx_word' id='word_1_499' title='bbox 1056 2751 1181 2790; x_wconf 76' lang='grc' dir='ltr'><em>ἄπιθι.</em></span> <span class='ocrx_word' id='word_1_500' title='bbox 1221 2753 1296 2788; x_wconf 85' lang='lat' dir='ltr'><strong>Der</strong></span> <span class='ocrx_word' id='word_1_501' title='bbox 1310 2753 1507 2797; x_wconf 84' lang='lat' dir='ltr'><strong>Vergleich</strong></span> <span class='ocrx_word' id='word_1_502' title='bbox 1528 2754 1591 2788; x_wconf 83' lang='lat' dir='ltr'><strong>des</strong></span> <span class='ocrx_word' id='word_1_503' title='bbox 1603 2752 1747 2787; x_wconf 88' lang='lat' dir='ltr'><strong>Lebens</strong></span> 
     </span>
     <span class='ocr_line' id='line_1_77' title="bbox 1006 2799 1748 2835; baseline -0.003 0"><span class='ocrx_word' id='word_1_504' title='bbox 1006 2801 1075 2835; x_wconf 77' lang='lat' dir='ltr'><strong>mit</strong></span> <span class='ocrx_word' id='word_1_505' title='bbox 1101 2801 1220 2835; x_wconf 87' lang='lat' dir='ltr'><strong>einem</strong></span> <span class='ocrx_word' id='word_1_506' title='bbox 1247 2800 1462 2835; x_wconf 78' lang='lat' dir='ltr'><strong>Gastmahle</strong></span> <span class='ocrx_word' id='word_1_507' title='bbox 1495 2799 1542 2834; x_wconf 82' lang='lat' dir='ltr'><strong>ist</strong></span> <span class='ocrx_word' id='word_1_508' title='bbox 1567 2799 1661 2834; x_wconf 85' lang='lat' dir='ltr'><strong>auch</strong></span> <span class='ocrx_word' id='word_1_509' title='bbox 1686 2799 1748 2833; x_wconf 84' lang='lat' dir='ltr'><strong>bei</strong></span> 
     </span>
    </p>
   </div>
  </div>
 </body>
</html>
