1817 3103
206 85 263 126 30
726 86 774 121 M.
802 85 963 120 TULLII
990 85 1243 122 CICERONIS

205 207 267 246 ea,
301 207 400 246 quae
433 195 627 246 videmus3
665 208 793 246 neque
826 202 886 234 est
919 197 1022 234 enim
1060 196 1163 235 ullus
1202 209 1341 236 sensus
1381 199 1420 236 in
1459 210 1642 250 corpore,
1681 199 1762 251 sed,

204 260 247 292 ut
280 265 358 292 non
390 254 541 305 physici
568 254 692 292 solum
721 254 880 306 docent,
913 267 1049 293 verum
1082 256 1199 293 etiam
1232 255 1390 307 medici,
1423 257 1490 307 qui
1521 258 1595 295 ista
1627 263 1762 308 aperta

205 318 244 350 et
269 313 463 363 patefacta
489 313 690 363 viderunt,
722 314 804 351 viae
833 314 943 363 quasi
971 313 1158 363 quaedam
1186 319 1278 352 sunt
1304 314 1351 352 ad
1377 315 1528 367 oculos,
1561 315 1607 354 ad
1633 327 1761 368 aures,

204 371 251 409 ad
289 383 405 410 nares
444 383 463 408 a
503 371 595 409 sede
635 372 752 409 animi
791 372 1024 422 perforatae.
1086 371 1221 422 Itaque
1263 384 1376 423 saepe
1419 378 1486 411 aut
1527 375 1762 425 cogitatione

204 435 270 468 aut
302 429 430 479 aliqua
462 431 499 467 vi
532 429 658 467 morbi
684 429 849 480 inpediti
876 432 1021 481 apertis
1047 436 1164 480 atque
1190 432 1354 482 integris
1381 437 1419 470 et
1445 431 1570 470 oculis
1597 438 1635 471 et
1661 434 1763 471 auri-

202 487 277 527 bus
310 500 382 526 nec
409 487 586 526 videmus
619 499 691 526 nec
725 488 922 540 audimus,
954 495 998 527 ut
1031 489 1142 527 facile
1168 489 1344 540 intellegi
1369 491 1495 540 possit
1519 492 1693 530 animum
1725 497 1764 531 et

202 546 335 584 videre
369 551 408 584 et
439 546 592 597 audire,
626 558 704 585 non
737 559 802 585 eas
834 553 986 599 partes,
1019 560 1118 598 quae
1151 549 1263 599 quasi
1295 548 1491 587 fenestrae
1521 550 1599 588 sint
1631 551 1762 602 animi,

203 604 348 655 quibus
374 610 503 643 tamen
531 606 678 643 sentire
706 605 801 643 nihil
829 612 946 655 queat
973 618 1101 658 mens,
1128 608 1203 645 nisi
1229 606 1267 645 id
1295 594 1604 657 agm
1631 599 1764 654 Uuid‘?

202 664 307 714 quod
350 663 485 702 eadem
526 669 656 703 mente
699 676 763 702 res
804 664 1083 703 dissimillimas
1127 666 1451 717 conprendimus,
1493 672 1538 704 ut
1579 666 1763 719 colorem,

202 734 401 775 saporem,
428 722 616 775 calorem,
643 722 821 774 odorem,
849 721 1019 761 sonum?
1046 736 1145 774 quae
1172 736 1385 774 numquam
1413 726 1587 775 quinque
1614 727 1763 764 nuntiis

201 782 355 819 animus
389 787 665 834 cognosceret,
701 783 776 820 nisi
808 782 854 820 ad
888 794 977 820 eum
1010 784 1140 821 omnia
1172 783 1419 821 referrentur
1452 789 1491 822 et
1522 785 1555 821 is
1588 785 1764 823 omnium

142 849 186 881 47
204 839 322 878 iudex
355 839 462 878 solus
495 846 610 879 esset.
672 840 799 891 Atque
833 852 877 878 ea
908 841 1086 891 profecto
1119 848 1201 880 tum
1236 842 1358 880 multo
1391 843 1551 892 puriora
1589 848 1628 881 et
1665 841 1763 882 dilu-

202 898 349 937 cidiora
389 904 620 950 cernentur,
659 911 748 937 cum
787 911 863 949 quo
903 904 1041 937 natura
1080 900 1157 938 fert
1194 899 1293 938 liber
1331 902 1485 939 animus
1523 902 1760 952 pervenerit.

27 898 142 1041 ω
200 956 298 995 Nam
330 969 436 996 nunc
469 958 647 1008 quidem,
687 969 923 1007 quamquam
956 958 1145 996 foramina
1177 958 1257 1010 illa,
1299 971 1397 1009 quae
1436 965 1571 1010 patent
1602 959 1649 998 ad
1683 961 1762 998 ani-

0 1058 39 1115 P(
66 1022 128 1073 (χω
202 1028 308 1054 mum
341 1028 361 1054 a
393 1028 579 1067 corpore,
618 1015 870 1053 callidissimo
910 1016 1074 1054 artificio
1114 1022 1253 1055 natura
1292 1017 1478 1056 fabricata
1518 1023 1596 1069 est,
1633 1023 1764 1056 tamen

19 1065 73 1160 ll*
201 1145 291 1172 cum
325 1138 455 1172 autem
487 1133 584 1171 nihil
616 1135 693 1172 erit
723 1138 881 1184 praeter
920 1134 1111 1184 animum,
1150 1134 1255 1172 nulla
1293 1147 1356 1173 res
1395 1134 1547 1174 obiecta
1585 1135 1760 1187 inpediet

128 1191 183 1233 21
201 1203 278 1242 quo
307 1193 437 1230 minus
462 1193 655 1243 percipiat
682 1192 794 1242 quale
823 1192 995 1242 quidque
1024 1194 1084 1231 sit.
1143 1192 1327 1238 Quamvis
1355 1195 1511 1245 copiose
1538 1194 1633 1233 haec
1660 1194 1763 1233 dice-

200 1263 352 1303 remus,
386 1252 418 1289 si
451 1263 514 1289 res
547 1250 783 1302 postularet,
817 1263 932 1301 quam
966 1251 1103 1302 multa,
1136 1264 1252 1302 quam
1285 1254 1409 1304 varia,
1442 1259 1586 1303 quanta
1613 1259 1762 1304 specta-

140 1320 184 1351 48
201 1309 287 1348 cula
326 1311 479 1348 animus
525 1311 565 1348 in
609 1309 705 1348 locis
745 1309 982 1348 caelestibus
1026 1316 1140 1363 θξεεζῑἌ
1174 1310 1393 1362 habiturus.
1457 1311 1564 1357 Quae
1603 1311 1763 1362 quidem

201 1370 377 1419 cogitans
404 1367 511 1406 soleo
539 1380 654 1419 saepe
675 1370 811 1406 mirari
833 1381 909 1406 non
937 1362 1405 1408 nullorunsinsolentiam
1426 1369 1764 1422 philosophorum,

199 1429 267 1477 qui
299 1429 759 1481 naturaewcoffnitionem
792 1427 1034 1465 admirantur
1074 1429 1237 1482 eiu—sque
1276 1430 1472 1467 inventori
1511 1436 1551 1467 et
1588 1430 1759 1480 principi

199 1487 343 1536 gratias
383 1486 624 1525 exsultantes
663 1492 784 1537 agunt
825 1498 993 1536 eumque
1031 1493 1271 1525 venerantur
1308 1492 1353 1525 ut
1398 1487 1532 1539 deum3
1577 1487 1764 1526 liberatos

199 1546 304 1582 enim
343 1557 384 1583 se
423 1557 494 1596 per
533 1557 624 1583 eum
663 1545 799 1583 dicunt
831 1546 1071 1596 gravissimis
1103 1545 1289 1597 dominis,
1329 1552 1481 1585 terrore
1522 1547 1763 1598 sempiterno

247 1673 302 1704 46.
339 1670 428 1713 ista,
456 1671 489 1707 d.
515 1671 539 1705 i.
569 1671 730 1715 corporis
757 1674 882 1714 partes
914 1674 946 1704 et

197 1717 365 1752 membra.

245 1765 326 1799 viae
344 1766 451 1809 quasi
471 1766 540 1799 cet.
580 1765 663 1799 Von
683 1764 748 1798 der
762 1763 947 1798 Vernunft

199 1812 406 1855 (κυριεῦον,
443 1809 666 1856 ἡγεμονικόν
698 1811 763 1855 τῆς
794 1812 946 1855 ψυχῆς),

199 1858 310 1892 deren
326 1858 401 1892 Sitz
421 1859 471 1893 im
486 1860 628 1893 Herzen
648 1859 713 1902 ist,
735 1858 946 1893 erstrecken

198 1905 278 1940 sich
305 1907 399 1940 nach
427 1907 492 1940 der
519 1906 676 1940 Ansich‘c
707 1906 772 1940 der
799 1905 946 1940 Stoiker

199 1952 257 1987 die
285 1952 634 1998 Sinneswerkzeuge
663 1952 733 1986 wie
760 1952 943 1996 Polypen-

198 2010 299 2034 arme
319 1999 435 2034 durch
455 2000 526 2035 den
546 2011 685 2044 ganzen
705 2000 848 2044 Korper
868 1999 943 2033 und

196 2047 331 2080 fiihren
364 2047 422 2081 die
450 2047 677 2081 Luftstrome
705 2044 944 2091 (πνεύματα),

198 2093 313 2128 durch
351 2094 490 2128 welche
524 2094 583 2128 die
617 2093 943 2128 Sinneswahmeh-

196 2152 358 2185 mungen
384 2141 591 2176 vermittelt
617 2141 715 2184 sind,
746 2141 810 2175 der
838 2140 942 2175 Seele

197 2200 258 2229 zu,
291 2187 413 2223 sodass
441 2187 542 2222 diese
569 2188 700 2231 denkb,
737 2187 835 2221 sieht
868 2187 943 2221 und

196 2235 292 2270 hort.
343 2235 442 2269 Aber
483 2234 563 2269 dass
602 2236 666 2269 der
705 2234 808 2269 Geist
848 2235 943 2269 ohne

197 2282 256 2316 die
276 2281 529 2327 Vermittlung
549 2283 613 2316 der
633 2281 742 2316 Sinne
766 2282 805 2315 in
825 2281 944 2316 seiner

196 2329 422 2363 Erkenntnis
442 2329 731 2363 unbehinderter
756 2329 835 2363 sein
861 2329 942 2369 soll,

197 2376 359 2411 erinnert
393 2376 497 2409 mehr
532 2387 578 2410 an
614 2376 672 2410 die
704 2376 943 2420 Ausfiihrung

196 2423 257 2458 bei
282 2423 391 2458 Plato
418 2423 546 2457 Phado
572 2435 607 2467 p.
637 2426 719 2457 650.

244 2471 284 2505 id
304 2474 407 2514 ayat,
428 2470 562 2504 darauf
575 2470 733 2514 ausgeht
751 2470 827 2504 und
841 2470 941 2504 seine

196 2517 538 2552 Aufmerksamkeit
575 2517 720 2551 richteb.
772 2516 855 2561 Vgl.
883 2519 940 2561 38,

197 2568 239 2599 91
268 2566 408 2599 etiamsi
434 2568 473 2598 tu
498 2565 538 2598 id
562 2575 636 2598 non
661 2575 759 2608 ayas.

244 2612 415 2654 calorem,
441 2612 494 2645 als
516 2611 676 2656 Beispiel
695 2611 754 2645 fiir
773 2611 838 2645 das
857 2611 940 2645 Em-

196 2658 614 2703 pfindungsverm'o'gen‚
641 2661 776 2701 tactus,
797 2658 866 2692 wie
886 2668 940 2692 co-

197 2707 252 2740 lor
278 2706 332 2740 als
359 2705 521 2749 Beispiel
547 2706 605 2738 fiir
631 2705 690 2739 die
718 2704 901 2740 Sehkrafb.

243 2763 334 2797 quae
353 2763 550 2797 mmzquam
576 2753 686 2786 anim.
708 2755 938 2796 coynosceret.

196 2799 326 2833 Klarer
340 2800 444 2834 hatte
461 2799 532 2834 Cic.
553 2800 702 2843 gesagt:
729 2810 820 2843 quae
839 2810 940 2833 mom-

196 2858 304 2891 quam
323 2850 628 2891 coynoseerentur,
649 2847 724 2881 nisi
749 2857 839 2891 quae
863 2857 939 2881 sen-

1019 1670 1118 1704 sibus
1142 1671 1402 1714 percipiuntur
1439 1671 1488 1705 acl
1519 1671 1683 1705 animum
1714 1682 1764 1706 re-

1018 1718 1214 1759 ferrentur.

1066 1768 1121 1798 47.
1166 1766 1405 1808 intersaepta,
1449 1764 1573 1799 sodass
1607 1776 1675 1800 uns
1710 1765 1764 1800 in-

1018 1811 1253 1856 folgedessen
1313 1811 1373 1846 die
1427 1811 1763 1847 Sinneseindriicke

1019 1860 1123 1901 (visa)
1150 1859 1283 1893 anders
1309 1859 1539 1902 ersffleinen,
1567 1859 1623 1894 als
1650 1858 1702 1894 sie
1726 1859 1765 1893 in

1019 1905 1217 1940 Wahrheit
1254 1905 1346 1940 sind.
1386 1926 1431 1930 ——
1463 1907 1648 1950 percipere
1688 1906 1764 1941 und.

1016 1953 1305 1996 comprehendere
1328 1952 1410 1986 sind
1435 1953 1494 1987 die
1515 1952 1764 1998 eigenbliehen

1016 2000 1231 2034 Ausdriicke
1262 2010 1335 2034 von
1366 2000 1449 2034 dem
1476 1999 1668 2045 Ergreifen
1700 2000 1763 2035 der

1018 2046 1349 2081 Sinneseindriicke
1375 2047 1490 2081 durch
1517 2048 1588 2081 den
1615 2046 1728 2082 Geist.

1064 2117 1155 2161 Καρ.
1184 2116 1247 2151 21.
1300 2116 1472 2161 Quamvis
1498 2117 1654 2161 copiose,
1681 2117 1715 2153 d.
1736 2117 1760 2153 i.

1016 2167 1090 2198 tam
1116 2165 1257 2209 copiose
1282 2175 1389 2207 quam
1414 2165 1478 2198 vis.

1065 2226 1119 2257 48.
1147 2223 1407 2256 nonnullorum
1434 2223 1525 2266 phil.
1576 2223 1652 2257 Der
1676 2222 1762 2267 Epi-

1016 2269 1164 2312 kureer⁷
1202 2269 1344 2303 welche
1389 2269 1448 2304 die
1493 2269 1762 2305 Naturwissen-

1017 2316 1188 2350 sebasten
1213 2316 1413 2351 besonders
1445 2327 1511 2350 aus
1537 2317 1621 2351 dem
1648 2327 1761 2361 ange-

1016 2363 1182 2407 gebenen
1219 2363 1368 2397 Grunde
1405 2363 1560 2407 priesen.
1610 2364 1718 2398 Lucr.
1746 2363 1763 2397 I

200 1076 370 1112 terrenis
413 1076 689 1125 concretisque
732 1074 966 1125 corporibus
1008 1081 1100 1113 sunt
1140 1077 1379 1126 intersaepta
1421 1077 1590 1127 quodam
1630 1076 1764 1116 modo:
1807 1074 1817 1083 “

1016 2414 1059 2444 63
1087 2411 1267 2444 Humana
1293 2414 1375 2445 ante
1400 2411 1518 2445 oculos
1550 2411 1651 2453 foede
1681 2422 1762 2445 cum
1810 2411 1817 2435 ·'

1014 2458 1091 2492 vita
1111 2458 1240 2492 iaceret
1277 2457 1327 2491 In
1342 2459 1449 2492 terris
1468 2468 1638 2502 oppressa
1656 2458 1762 2502 yravi

1013 2505 1080 2538 sub
1124 2505 1295 2548 religione
1338 2525 1383 2530 —
1418 2505 1578 2548 primum
1621 2505 1760 2540 Graius

1013 2552 1114 2586 homo
1146 2552 1309 2586 mortalis
1341 2552 1481 2586 tendere
1514 2555 1641 2586 contra
1690 2551 1761 2586 Est

1015 2599 1136 2633 oeulos
1162 2609 1274 2633 ausus
1300 2600 1367 2633 cet.
1419 2598 1525 2642 Diog.
1551 2599 1584 2632 X
1613 2602 1690 2633 152.

1061 2668 1207 2701 eumque
1231 2659 1459 2692 venerantur.
1510 2655 1569 2691 sie
1605 2655 1760 2691 feierten

1013 2703 1085 2738 den
1111 2703 1337 2748 Geburtstag
1369 2703 1468 2737 ihres
1495 2702 1664 2738 Meisters
1690 2703 1759 2738 mit

1015 2751 1154 2795 Opfern
1221 2751 1296 2785 und
1363 2749 1759 2794 gemeinschaftlichen

1012 2797 1173 2831 Mahlen.
1224 2798 1328 2831 Lucr.
1358 2797 1389 2830 V
1416 2800 1436 2831 8
1469 2798 1660 2832 dicendum
1696 2800 1757 2841 est,

1013 2845 1100 2879 deus
1126 2845 1184 2879 ille
1208 2845 1292 2887 fuit.

1798 2797 1817 2837 ἒ
