1817 3103
208 87 265 128 96
731 87 780 122 Μ.
808 86 971 121 TULLII
999 86 1252 121 CICERONIS

209 197 341 235 dicere
367 196 461 235 illud
488 195 636 234 homini
664 196 777 246 longe
805 203 1008 246 optumum
1035 208 1139 247 esse,
1172 196 1276 247 quod
1309 198 1437 247 ipsum
1470 199 1521 236 sit
1556 199 1766 249 optandum

208 268 278 306 per
312 267 371 306 se,
405 267 424 293 a
462 256 605 294 virtute
639 255 859 305 profectum
893 254 952 292 vel
985 256 1023 292 in
1056 256 1137 305 ipsa
1171 256 1313 293 virtute
1347 257 1483 309 situm,
1522 269 1590 296 sua
1631 263 1768 308 sponte

208 313 402 352 laudabile
459 314 563 364 quod
598 313 755 363 quidem
796 315 911 351 citius
944 312 1107 350 dixerim
1142 312 1267 351 solum
1301 326 1415 363 quam
1455 327 1532 352 non
1572 327 1776 366 summum,

208 371 368 410 bonum.
431 374 556 422 Atque
591 377 634 410 ut
668 371 762 409 haec
796 371 842 410 de
876 371 1060 420 honeste,
1099 373 1155 409 sic
1196 371 1242 409 de
1278 374 1382 422 turpi
1414 375 1628 413 contraria:
1676 374 1756 414 nihi

209 437 285 469 tam
321 436 508 481 taetrum,
544 430 637 468 nihil
672 437 747 467 tam
781 430 1086 481 aspernandum,
1119 429 1214 468 nihil
1247 430 1404 468 homine
1437 431 1648 482 indignius.

329 488 441 533 Quod
475 490 507 526 si
541 488 610 527 tibi
642 500 876 538 persuasum
909 494 969 526 est
1002 511 1056 514 —
1084 490 1276 539 principio
1310 490 1413 527 enim
1446 489 1578 528 dixisti
1609 490 1696 542 plus
1728 492 1766 530 in

209 548 402 586 dedecore
437 546 525 585 mali
561 547 628 585 tibi
656 546 777 585 videri
803 559 919 596 quam
952 548 990 584 in
1023 546 1157 584 dolore
1188 569 1257 599 —,
1289 547 1483 598 reliquum
1517 553 1577 587 est
1610 554 1652 587 ut
1683 554 1766 589 tute

210 606 280 644 tibi
313 608 500 656 imperes:
542 617 776 656 quamquam
809 605 882 643 hoc
917 607 1048 643 nescio
1082 618 1159 656 quo
1193 606 1306 643 modo
1340 606 1502 657 dicitur,
1541 608 1653 656 quasi
1691 607 1767 646 duo

210 666 350 715 simus,
389 669 432 702 ut
471 663 568 702 alter
606 666 790 731 imperet,
830 663 926 702 alter
965 669 1114 715 pareat,
1154 676 1231 702 non
1270 666 1409 702 inscite
1449 670 1578 703 tamen
1611 665 1770 705 dicitur.

138 722 192 762 21
211 722 279 761 Est
314 724 418 760 enim
451 724 603 761 animus
643 724 681 760 in
715 728 846 773 partes
879 721 1052 761 tributus
1092 722 1205 775 duas,
1245 735 1410 773 quarum
1448 722 1569 762 altera
1607 724 1769 764 rationis

33 808 57 821 ί
83 781 159 854 ff
210 787 271 819 est
302 782 518 832 paiticeps,
551 781 670 819 altera
704 793 856 831 expers,
920 780 1016 818 Cum
1049 782 1169 831 igitur
1203 783 1459 832 praecipitur,
1498 787 1541 820 ut
1574 781 1768 822 nobismet
1815 810 1817 817 .

0 799 85 891 ἵκῃ
209 841 306 890 ipsis
346 841 603 891 imperemus,
645 839 718 877 hoc
760 841 1017 890 piaecipitui,
1061 844 1103 876 ut
1145 841 1242 878 ratio
1282 844 1461 878 coerceat
1498 842 1769 880 temeritatem.

211 898 280 936 Est
313 900 353 935 in
386 899 524 936 animis
557 899 732 936 omnium
766 898 847 935 sere
881 904 1017 936 natum
1060 897 1174 935 molle
1208 898 1408 949 quiddam,
1450 898 1664 937 demissum
1703 899 1772 938 hu-

211 956 320 1008 mile,
354 962 582 994 enervatum
611 956 778 1006 quodam
813 955 926 994 modo
960 963 999 994 et
1031 956 1267 1006 languidum.
1318 957 1357 994 Si
1392 956 1487 994 nihil
1522 962 1626 996 esset
1658 957 1774 1010 aliud,

211 1015 306 1053 nihil
340 1020 446 1053 esset
479 1014 636 1052 homine
665 1015 890 1052 deformius
956 1014 1032 1052 Sed
1065 1020 1221 1064 praesto
1254 1021 1314 1052 est
1346 1015 1499 1053 domina
1529 1017 1704 1054 omnium
1737 1022 1782 1060 et,

0 1022 153 1176 {ffffij
210 1075 345 1123 regina
378 1075 497 1124 ratio,
530 1085 628 1123 quae
663 1074 800 1111 conixa
833 1085 903 1123 per
936 1084 977 1110 se
1011 1078 1048 1110 et
1084 1084 1292 1123 progressa
1324 1073 1478 1123 longius
1520 1074 1562 1112 fit
1599 1074 1773 1124 perfecta

212 1133 349 1170 virtus.
413 1131 517 1169 Haec
551 1137 594 1170 ut
626 1133 794 1182 imperet
825 1131 879 1169 illi
912 1133 1012 1182 parti
1045 1132 1180 1182 animi,
1217 1143 1314 1182 quae
1348 1131 1533 1170 oboedire
1566 1131 1700 1184 debet,
1732 1132 1769 1171 id

0 1119 424 1285 Wfflvidendum
458 1196 517 1228 est
543 1192 639 1228 viro.
691 1190 868 1235 Quonam
896 1187 1040 1228 modo?
1072 1191 1237 1240 inquies.
1288 1189 1356 1228 Vel
1382 1195 1426 1228 ut
1451 1190 1633 1230 dominus
1660 1203 1772 1230 servo

215 1248 275 1287 vel
309 1255 351 1287 ut
383 1251 596 1300 imperator
629 1249 742 1286 militi
775 1249 833 1287 vel
873 1254 916 1287 ut
954 1261 1094 1299 parens
1134 1248 1224 1286 filio.
1287 1248 1327 1286 Si
1365 1250 1591 1299 turpissime
1632 1261 1673 1288 se
1712 1249 1774 1288 illa

212 1320 306 1360 pars
339 1309 456 1346 animi
488 1313 616 1358 geret,
659 1320 774 1358 quam
814 1307 891 1345 dixi
931 1319 1017 1345 esse
1058 1306 1229 1357 mollem,
1269 1309 1302 1345 si
1341 1319 1381 1345 se
1421 1307 1601 1346 lamentis
1638 1307 1784 1347 mulie-·

211 1366 337 1405 briter
370 1367 619 1416 lacrimisque
653 1366 786 1416 dedet,
821 1367 1012 1404 vinciatur
1045 1372 1084 1404 et
1116 1367 1408 1416 constringatur
1437 1368 1652 1405 amicorum
1683 1378 1771 1418 pro·

410 345 420 366 7

148 497 193 528 47

261 1481 380 1524 ipsum
398 1500 440 1503 ——
453 1490 519 1523 per
537 1490 590 1519 se,
623 1491 685 1513 um
706 1479 824 1513 seiner
844 1479 960 1513 selbst

211 1527 354 1569 willen,
394 1527 472 1560 also
511 1526 615 1560 nicht
646 1525 715 1560 wie
749 1526 957 1569 Reichtum,

212 1573 311 1608 Ehre
337 1586 371 1608 u.
394 1586 419 1607 s.
442 1585 504 1615 w.,
532 1573 589 1607 die
610 1585 671 1606 um
693 1573 756 1606 des
778 1572 959 1607 Genusses

212 1620 303 1655 oder
334 1620 496 1654 Vorteils
528 1620 669 1662 willen,
707 1621 778 1653 den
810 1619 863 1654 sie
895 1631 956 1664 36-

213 1668 381 1710 wahren,
409 1666 566 1701 erstrebt
592 1667 750 1701 werden.

261 1715 314 1749 vel
340 1731 384 1743 =
410 1715 463 1748 vel
495 1714 638 1758 potius,
677 1725 704 1748 s.
744 1726 771 1747 z.
814 1717 874 1756 14,
902 1718 957 1748 33.

214 1765 276 1804 24,
304 1765 348 1796 58
374 1761 427 1795 vel
452 1762 623 1795 sentiunt.

261 1820 329 1843 sua
354 1812 478 1852 sponte
504 1808 705 1842 laudabile:
731 1808 804 1851 vgl.
833 1807 877 1841 de
898 1806 956 1843 off.

214 1856 230 1889 I
264 1860 302 1897 4,
338 1860 380 1889 14
418 1855 513 1899 quod
549 1855 690 1889 etiamsi
726 1855 958 1889 nobilitatam

214 1914 287 1937 non
315 1906 381 1944 est,
407 1906 526 1936 tamen
544 1902 727 1936 honestum
753 1905 820 1943 est,
848 1903 957 1945 quod-

214 1961 280 1994 que
311 1961 390 1984 vere
422 1949 592 1991 dicimus,
631 1948 772 1982 etiamsi
803 1960 825 1982 α
857 1949 957 1982 nullo

214 1997 402 2039 laudetur,
428 1999 564 2029 natura
590 2006 660 2029 esse
686 1995 879 2029 laudabile.

263 2045 370 2078 citius
389 2043 544 2077 dixerim
571 2059 615 2071 =
635 2043 780 2086 potius,
799 2042 958 2084 facilius.

214 2090 311 2125 Phil.
363 2090 395 2123 II
443 2093 501 2131 11,
553 2092 596 2123 25
648 2089 756 2123 eitius
805 2090 960 2123 dixerim

215 2138 368 2172 iactasse
393 2148 428 2171 se
454 2137 593 2180 aliquos
615 2156 656 2160 -
677 2148 785 2180 quam
804 2140 845 2170 ut
864 2137 959 2180 qais-

214 2196 323 2229 quam
349 2185 460 2218 celari
484 2184 592 2218 vellet.

263 2235 319 2265 47.
341 2241 558 2275 quamquam
577 2231 658 2264 hoc:
682 2229 868 2274 ‘obgleieh
885 2229 959 2263 die-

216 2290 274 2313 ses
301 2276 611 2322 gewissermassen
638 2288 676 2310 so
703 2277 835 2321 gesagt
856 2276 958 2318 wird,

216 2325 271 2359 als
311 2325 357 2359 ob
402 2325 468 2358 wir
511 2325 600 2358 zwei
644 2323 794 2357 witren'.
846 2324 963 2357 neseio

216 2371 390 2416 quomodo
428 2371 477 2404 ist
514 2370 718 2404 adverbiell
747 2369 962 2413 eingescho-

216 2419 306 2461 ben,
341 2417 494 2452 deshalb
521 2416 571 2451 ist
595 2418 732 2451 dicitnr
759 2429 801 2451 zu
827 2417 962 2451 schrei-

216 2466 298 2500 ben.
343 2466 460 2499 nescio
480 2465 652 2508 quomodo
673 2464 818 2498 dicatur
838 2464 962 2498 wiirde

217 2511 376 2546 heissen:
413 2510 488 2545 ‘ich
521 2511 623 2545 weiss
655 2510 774 2554 nieht,
807 2510 844 2544 in
879 2511 962 2545 wel-

217 2559 324 2593 chem
335 2558 445 2592 Sinne
461 2558 625 2592 odermit
633 2558 811 2592 welchem
822 2558 962 2592 Rechte

217 2605 297 2639 dies
324 2616 386 2668 36.ἓ
373 2607 456 2650 sagt
482 2604 602 2647 wird’,
629 2616 730 2638 wozu
757 2604 821 2638 der
840 2604 959 2638 Nach-

219 2655 296 2686 satz
327 2651 438 2686 doch
476 2651 569 2685 wird
608 2662 643 2686 es
682 2651 766 2685 sehr
802 2650 960 2685 treffend

218 2699 362 2743 gesagt'
397 2699 501 2732 nicht
524 2710 676 2753 passen
689 2698 826 2732 wiirde.
877 2697 958 2742 Vgl.

218 2746 312 2781 Plat
346 2757 420 2790 rep.
447 2745 497 2779 IV
524 2757 552 2779 6.
581 2749 601 2780 8
634 2742 769 2799 κόσμος
801 2743 873 2779 πού
907 2758 960 2784 τις

219 2789 242 2836 ἡ
276 2790 497 2836 σωφροσύνη
533 2789 608 2826 ἐστὶ
639 2791 703 2825 καὶ
735 2788 880 2850 ἡδονῶν
912 2805 960 2825 τι-

219 2852 294 2873 νων
350 2853 414 2873 και
471 2837 684 2883 ἐπιθυμιῶν
745 2835 959 2882 ἐγκρατεια,

1031 1479 1184 1530 κρείττω
1212 1476 1269 1532 δὴ
1280 1475 1396 1512 αὑτοῦ
1418 1476 1587 1522 λέγοντες
1608 1475 1676 1513 οὐκ
1698 1475 1773 1513 οἶδ’

1032 1521 1161 1559 ὅντινα
1206 1522 1345 1567 τρόπον
1383 1527 1471 1569 eet„
1516 1536 1573 1560 wo
1611 1525 1776 1561 derselbe

1032 1572 1208 1606 Gedanke
1235 1572 1363 1606 weiter
1389 1553 1608 1617 6111836Ἑ1111ή
1631 1573 1692 1607 ist.

1079 1619 1171 1663 Kap.
1193 1618 1256 1653 21.
1292 1620 1332 1653 in
1349 1623 1474 1662 partes
1494 1623 1527 1653 tr
1531 1620 1652 1654 {butus
1671 1620 1776 1662 duas,

1032 1665 1065 1700 d.
1092 1666 1114 1700 i.
1142 1666 1378 1708 distributas,
1405 1666 1553 1700 divisus.
1604 1665 1672 1700 Die
1693 1669 1775 1711 spii-

1031 1715 1136 1747 teren
1169 1712 1333 1755 Stoiker,
1366 1713 1594 1747 namentlich
1625 1713 1775 1748 Posido-

1030 1760 1130 1803 nius,
1157 1759 1302 1794 Ciceros
1322 1759 1472 1803 Lehrer,
1498 1760 1677 1794 naherten
1697 1759 1775 1794 sich

1032 1806 1161 1841 soweit
1210 1807 1344 1858 wieder
1384 1807 1463 1841 'der
1512 1806 1775 1842 Platonischen

1031 1854 1167 1895 Lehre,
1195 1854 1248 1887 als
1270 1852 1322 1887 sie
1345 1853 1424 1888 eine
1446 1853 1688 1909 Zweiteilung
1709 1853 1772 1888 der
1791 1878 1793 1882 -

1033 1900 1137 1935 86616
1164 1900 1201 1934 111
1227 1897 1375 1944 λογικόν
1402 1900 1476 1934 und
1502 1897 1638 1944 ἄλογον
1663 1898 1791 1948 μέρος

1032 1947 1256 1988 anuahmen;
1284 1947 1348 1981 der
1374 1947 1500 1982 zweite
1516 1947 1597 1982 Teil
1622 1941 1791 1982 umfasst

1032 1994 1097 2028 das
1134 1991 1409 2038 ἐπιθυμητικόν
1453 1994 1527 2028 und
1573 1991 1791 2039 θυμοειδές

1032 2041 1169 2075 Platos.
1220 2041 1336 2074 Ihnen
1375 2041 1473 2085 folgt
1504 2039 1576 2076 Cic.
1612 2040 1790 2075 zumeists

1033 2088 1116 2131 Vgl.
1144 2087 1257 2130 IV5,
1292 2091 1351 2130 10;
1392 2087 1437 2121 (16
1465 2087 1522 2122 off.
1559 2088 1662 2133 128,
1697 2090 1790 2131 1014

1033 2138 1201 2176 36‚132.

1081 2162 1326 2223 temeritatem,
1360 2180 1392 2215 (1,
1426 2179 1451 2216 i.
1482 2178 1618 2225 ἄλογον
1651 2179 1774 2225 μέρος,
1815 2219 1817 2226 ,

1037 2228 1096 2262 die
1125 2227 1379 2263 Sinnliehkeit.
1419 2267 1438 2274 ν

1081 2278 1112 2309 et
1138 2276 1363 2319 languidam.
1414 2275 1512 2309 Uber
1541 2277 1572 2308 et
1603 2273 1663 2308 bei
1696 2273 1782 2309 dem

1036 2322 1171 2356 letzten
1198 2322 1326 2356 Gliede
1358 2321 1460 2356 einer
1485 2320 1722 2366 Aufziithlung
1754 2332 1780 2355 s.

1036 2381 1063 2402 z.
1092 2369 1141 2403 III
1168 2373 1186 2411 ξ
1214 2373 1244 2403 3.

1084 2417 1215 2450 conixa
1230 2427 1298 2460 per
1316 2426 1368 2457 se,
1395 2415 1525 2449 ‘durch
1547 2414 1654 2459 eigne
1674 2413 1788 2449 Kraffi
1815 2407 1817 2418 ⁴

1035 2463 1163 2497 weiter
1190 2460 1513 2497 εὓι61)611(1’.1)16
1545 2461 1700 2505 Tugend
1733 2461 1783 2496 ist

1035 2510 1130 2544 nach
1175 2509 1240 2544 der
1282 2508 1485 2543 Definition
1529 2508 1593 2542 der
1632 2507 1780 2542 Stoiker

1035 2599 1148 2648 ἑαυτῇ
1197 2600 1292 2636 καθ’
1333 2599 1419 2636 ὅλον
1457 2598 1523 2635 τὸν
1557 2602 1668 2647 βίον,

1033 2650 1125 2684 wird
1157 2650 1270 2684 durch
1298 2649 1415 2683 Lehre
1440 2648 1515 2682 und
1542 2639 1677 2692 Ubung
1715 2659 1778 2693 ge·-

1033 2708 1198 2731 wonnen.

1082 2747 1138 2778 48.
1190 2744 1460 2787 constrinqatur

1034 2790 1104 2824 Ein
1124 2790 1254 2825 Gesetz
1281 2790 1345 2824 der
1370 2789 1481 2823 zwolf
1499 2788 1632 2824 Tafeln
1651 2787 1776 2832 (Dirk-

1033 2848 1097 2872 sen
1122 2836 1194 2882 leg.
1222 2836 1289 2870 XII
1315 2836 1388 2871 tab.
1417 2836 1459 2870 fr.
1486 2847 1521 2880 p.
1543 2839 1610 2870 369
1632 2835 1673 2879 f.)
1701 2833 1764 2869 lau

1504 2762 1546 2767 —-
1593 2741 1775 2776 custodiis.
