1790 3103
273 60 665 96 TUSCULANARUM
691 60 1088 96 DISPUTATIONUM
1116 61 1173 94 ΙΙΙ.
1207 66 1351 96 11—15.
1531 61 1579 100 ll

0 206 1 220 ,
36 172 103 223 qui
139 170 311 209 breviter
349 171 566 221 astringere
605 170 730 208 solent
768 175 1013 221 argumenta3
1054 170 1192 208 deinde
1231 177 1365 209 nostro
1405 172 1582 209 instituto

37 228 269 280 vagabimur.
1600 258 1621 297 7

151 285 225 332 Qui
256 287 368 326 sortis
400 293 475 337 est,
508 287 609 325 idem
642 294 701 325 est
733 286 876 338 fidens,
915 287 1095 337 quoniam
1130 286 1329 324 conlidens
1361 287 1457 324 mala
1491 300 1641 339 con-14

32 345 240 386 suetudine
273 345 458 396 loquendi
490 348 529 384 iu
563 347 654 384 vitio
687 347 863 396 ponitur,
901 345 1060 383 ductum
1095 344 1255 383 verbum
1288 358 1307 382 a
1341 345 1582 396 confidendo,

30 403 135 456 quod
167 403 291 442 laudis
324 410 394 442 est.
457 404 532 449 Qui
565 409 694 442 autem
721 409 781 442 est
807 403 941 455 fidens,
974 405 1006 441 is
1034 404 1208 454 profecto
1243 416 1319 441 non
1347 404 1582 455 extimescit3

32 462 225 513 discrepat
257 463 361 501 enim
393 475 412 500 a
453 463 623 501 timendo
662 463 870 501 confidere.
933 463 1049 512 Atqui
1089 463 1126 500 in
1166 474 1281 512 quem
1321 462 1423 500 cadit
1461 463 1581 512 aegri-

32 521 137 572 tudo,
169 522 207 559 in
241 521 408 559 eundem
444 523 576 573 timor3
616 533 779 571 quarum
819 522 920 559 enim
955 533 1087 559 rerum
1120 522 1340 571 praesentia
1373 532 1510 558 sumus
1544 522 1580 558 in

31 579 290 630 aegritudine,
330 580 485 618 easdem
517 579 775 630 inpendentes
814 586 852 618 et
885 581 1084 618 venientes
1118 580 1317 618 timemus:
1359 578 1432 629 [lta
1466 580 1507 617 tit
1540 584 1581 616 ut

29 637 249 678 fortitudini
293 638 495 689 aegritudo
539 638 760 689 repugnet]
813 640 894 677 veri
938 638 1063 677 simile
1103 644 1162 676 est
1200 639 1335 689 igitur,
1382 639 1420 676 in
1466 650 1581 688 quem

28 696 140 736 cadat
171 697 392 748 aegritudo,
429 696 568 736 cadere
607 699 645 735 in
685 697 851 736 eundem
894 698 1072 735 timorem
1111 703 1149 735 et
1187 697 1458 735 infractionem
1499 697 1580 746 qui-

29 754 118 794 dem
156 757 272 794 animi
312 761 349 794 et
388 755 675 794 demissionem.
740 756 845 802 Quae
884 757 923 794 in
963 768 1079 806 quem
1125 755 1284 806 cadunt,
1329 757 1368 794 in
1414 756 1581 793 eundem

27 813 132 853 cadit
172 819 214 852 ut
253 816 412 865 serviat,
450 820 493 853 ut
530 815 692 867 victum,
733 816 765 853 si
804 814 976 866 quando,
1020 827 1061 852 se
1105 826 1190 852 esse
1237 814 1413 852 fateatur.
1476 812 1581 858 Quae

33 874 99 924 qui
144 874 304 924 recipit,
348 874 510 924 recipiat
553 872 655 912 idem
700 885 860 912 necesse
905 879 964 912 est
1008 873 1253 911 timiditatem
1298 879 1336 911 et
1379 873 1581 923 ignaviam.

29 930 114 970 Non
148 931 292 970 cadunt
325 937 453 970 autem
486 931 580 970 haec
614 933 653 971 in
687 933 811 971 virum
846 932 1003 971 sortem:
1036 934 1155 982 igitur
1188 943 1235 970 ne
1269 931 1470 982 aegritudo
1497 932 1580 982 qui-

25 989 126 1029 dem.
189 990 236 1028 At
274 1002 388 1029 nemo
426 992 579 1042 sapiens
619 992 692 1029 nisi
732 992 861 1029 sortis:
900 1003 976 1029 non
1018 991 1128 1029 cadet
1169 1003 1260 1041 ergo
1294 991 1332 1028 in
1367 991 1581 1041 sapientem

28 1049 243 1099 aegritudo.

142 1107 349 1146 Praeterea
394 1120 555 1146 necesse
602 1115 679 1160 est,
723 1110 789 1159 qui
834 1109 946 1147 sortis
991 1110 1057 1159 sit,
1109 1108 1276 1146 eundem
1321 1120 1406 1146 esse
1452 1108 1579 1158 magni
1598 1114 1638 1146 15

26 1167 161 1217 animi;
199 1167 266 1216 qui
303 1168 431 1217 magni
471 1168 588 1205 animi
626 1168 692 1217 sit,
732 1168 937 1218 invictum3
978 1168 1043 1217 qui
1082 1168 1250 1205 invictus
1282 1168 1349 1217 sit,
1389 1178 1478 1205 eum
1516 1178 1580 1204 res

25 1223 211 1263 humanas
262 1224 462 1276 despicere
514 1231 629 1276 atque
678 1226 778 1263 infra
828 1238 869 1264 se
919 1227 1064 1277 positas
1116 1225 1307 1264 arbitrari.
1370 1224 1578 1276 Despicere

24 1289 154 1322 autem
187 1295 300 1321 nemo
332 1290 462 1335 potest
494 1296 558 1322 eas
590 1296 666 1336 reS,
698 1290 860 1335 propter
892 1297 988 1335 quas
1020 1284 1263 1335 aegritudine
1292 1283 1404 1322 adfici
1430 1289 1579 1335 potest3

24 1353 71 1380 ex
103 1354 180 1393 quo
214 1342 382 1381 efficitur
408 1343 549 1381 sortem
577 1344 701 1381 virum
735 1343 977 1394 aegritudine
1012 1355 1224 1394 numquam
1258 1342 1380 1381 adfici.
1433 1342 1578 1381 Omnes

23 1406 153 1439 autem
185 1401 379 1452 sapientes
414 1401 555 1440 fortes:
589 1414 663 1440 non
700 1401 802 1440 cadit
834 1403 953 1453 igitur
985 1403 1024 1440 in
1058 1404 1273 1453 sapientem
1307 1401 1519 1453 aegritudo.

139 1458 188 1498 Et
229 1472 344 1510 quem
388 1460 434 1498 ad
475 1460 633 1498 modum
674 1460 810 1500 oculus
850 1460 1106 1499 conturbatus
1145 1473 1221 1499 uon
1262 1466 1321 1499 est
1358 1459 1479 1512 probe
1513 1459 1576 1498 ad-

25 1517 151 1557 fectus
193 1518 239 1556 ad
286 1530 400 1557 suum
444 1531 586 1557 munus
638 1519 878 1571 fungendum
929 1526 967 1558 et
1012 1519 1183 1571 reliquae
1227 1525 1357 1570 partes
1403 1525 1575 1558 totumve

69 1643 217 1678 breviter
236 1643 460 1687 adstrinyere
475 1663 516 1668 —
537 1648 761 1688 arqumenta,
833 1646 947 1689 iyitur
972 1656 1015 1679 ne
1041 1645 1229 1689 aeyritzodo
1255 1644 1408 1689 quidem.
1459 1643 1575 1678 Hatte

23 1689 118 1725 ‘sich
149 1689 414 1734 kurzgefasster
438 1689 602 1725 Beweise
638 1691 761 1726 bedie-

21 1737 119 1773 nen’.
164 1737 265 1772 Brut.
292 1741 348 1779 31,
377 1740 442 1771 120
468 1737 671 1773 Stoicorum
697 1739 760 1774 ad-

20 1784 179 1820 strictior
198 1787 248 1818 est
266 1785 384 1819 oratio
403 1785 659 1829 aliquantoque
679 1797 759 1820 con·

20 1832 179 1867 tractior.
230 1831 360 1866 Parad.
387 1841 548 1876 prooem.
569 1835 588 1873 ἓ
608 1837 628 1867 2
654 1834 695 1867 iii
720 1844 762 1867 ea

21 1882 70 1914 est
105 1879 259 1919 haeresi,
296 1889 386 1923 quae
422 1879 568 1913 nullum
600 1881 763 1924 sequitur

19 1926 139 1970 florem
172 1925 349 1960 orationis
384 1936 492 1970 neque
533 1927 666 1961 dilatat
703 1938 762 1962 ar-

18 1976 241 2018 gumentum,
283 1973 434 2007 minutis
471 1973 763 2019 ititerroyatiun-

20 2020 111 2054 culis
135 2020 242 2064 quasi
267 2020 416 2064 punctis
448 2021 543 2064 quod
564 2023 762 2065 proposuit

19 2067 139 2110 efficit.

67 2131 161 2176 Kap.
190 2131 226 2166 7.
269 2135 322 2166 14.
348 2132 536 2176 quoniam:
562 2144 605 2166 zu
632 2136 762 2178 ergan-

19 2189 87 2214 zen
130 2178 181 2212 ist
222 2179 275 2213 sic
316 2179 414 2219 dico,
457 2178 526 2213 wie
562 2183 580 2221 ἓ
612 2183 653 2213 11
696 2191 763 2215 vor

20 2236 246 2270 quamquam.
291 2224 341 2259 IV
361 2228 380 2267 §
401 2229 443 2260 59
464 2237 530 2260 vor
549 2227 646 2270 quia.
691 2227 763 2262 Der

20 2271 144 2308 'Weise
181 2271 315 2307 besitzt
351 2271 410 2306 die
450 2272 528 2306 vier
567 2273 762 2308 Kardinal-

18 2319 217 2365 tugenden.
242 2319 329 2354 Drei
344 2330 414 2353 von
434 2318 556 2364 ihnen‚
574 2321 761 2367 fortitudo„

18 2367 236 2420 'pr-udentia,
271 2367 528 2410 temperantia,
564 2367 762 2403 schliessen

22 2412 140 2467 ssirem
158 2413 292 2448 Wesen
318 2413 414 2448 nach
439 2413 498 2448 die
524 2414 760 2449 Bekiimmer-

22 2470 78 2495 ms
101 2471 176 2495 aus.

69 2520 264 2562 confidens:
286 2530 329 2553 zu
343 2519 508 2553 Plautus‘
524 2519 597 2554 und
609 2520 758 2555 Terenz'

22 2564 101 2601 Zeit
124 2577 199 2601 war
224 2566 290 2601 das
317 2566 424 2601 Wort
448 2567 543 2601 auch
568 2567 606 2601 in
631 2569 759 2612 gutem

23 2609 130 2647 Sinne
183 2613 275 2648 ‘voll
319 2613 640 2649 Selbstvertrauen
684 2615 760 2649 und

22 2657 115 2694 Mut’
144 2660 197 2694 im
222 2659 427 2696 Gebrauch.

70 2723 134 2758 Ita
157 2724 198 2767 fit
225 2744 268 2750 —
292 2729 476 2770 repuynet.
522 2725 597 2760 Das
623 2725 671 2761 ist.
696 2726 761 2761 das

22 2769 191 2806 Resultat
215 2771 279 2807 des
305 2772 487 2807 Beweises
521 2772 578 2807 bis
603 2784 677 2808 ‘non
703 2784 761 2808 ca-

25 2815 116 2852 dunt
146 2821 263 2853 autem
294 2819 378 2854 haec
409 2820 449 2854 in
484 2820 600 2856 virum
624 2820 763 2863 fortem,

834 1691 907 1727 Cic.
953 1691 1031 1726 dies
1076 1692 1154 1726 hier
1198 1691 1492 1736 eingeschobeu,
1537 1702 1576 1725 so

835 1742 930 1774 ware
962 1739 1026 1773 das
1053 1738 1239 1783 Folgende
1272 1749 1364 1782 ganz
1398 1737 1576 1772 iiberflfis-

834 1786 901 1831 sig.
952 1785 1019 1821 Die
1048 1786 1174 1820 Worte
1207 1796 1362 1829 quarum
1393 1785 1487 1820 enim
1521 1795 1574 1819 re-

835 1845 915 1867 rum
930 1834 1139 1878 praesentia
1159 1852 1201 1858 —
1224 1832 1477 1875 infractionem
1496 1833 1575 1876 qui-

835 1881 912 1915 dem
944 1881 1060 1915 animi
1090 1883 1121 1914 et
1153 1880 1397 1914 demissionem
1432 1879 1574 1913 euthal-

835 1930 899 1962 ten
930 1939 998 1961 nur
1030 1928 1112 1961 eine
1144 1927 1293 1961 weitere
1324 1926 1575 1971 Begriindung

836 1974 900 2009 der
919 1973 1132 2018 Assumptio
1157 1975 1260 2018 atqui
1285 1974 1325 2008 in
1344 1984 1444 2018 quem
1469 1973 1576 2008 eadat

837 2024 904 2057 cet.
949 2020 1172 2066 Unmogiich
1192 2021 1290 2055 kann
1311 2021 1390 2055 also
1410 2020 1489 2055 hier
1515 2020 1575 2055 ein

837 2069 921 2104 Satz
947 2068 1219 2113 eingeschoben
1240 2067 1397 2111 werden,
1425 2067 1489 2102 der
1509 2067 1574 2101 das

836 2116 1024 2161 Resultat„
1039 2115 1102 2149 des
1135 2126 1274 2160 ganzen
1299 2114 1479 2149 Beweises
1511 2125 1576 2148 an-

835 2163 950 2207 giebt.
1002 2162 1179 2197 Uberdies
1201 2161 1370 2196 schlierst
1389 2161 1468 2196 sich
1487 2162 1575 2196 veri-

834 2210 950 2244 simile
991 2213 1040 2244 est
1074 2210 1188 2253 igitur
1229 2209 1332 2243 nicht:
1366 2220 1413 2242 an
1448 2209 1501 2243 ita
1535 2208 1577 2251 fit

836 2259 904 2292 eet.
932 2267 996 2300 an,
1033 2256 1190 2291 sondern
1215 2267 1262 2290 au
1288 2256 1425 2291 easdem
1451 2257 1575 2300 inpen-

835 2305 954 2339 dentes
979 2307 1011 2338 et
1036 2304 1214 2338 venientes
1239 2304 1410 2338 timemus.

881 2354 913 2386 et
945 2371 988 2376 —-
1021 2351 1162 2395 quidem
1194 2350 1377 2385 erweitert
1414 2350 1487 2385 und
1519 2361 1574 2385 er-

834 2398 934 2433 klart
967 2397 1037 2433 deu
1070 2397 1396 2443 vorhergehenden
1428 2397 1574 2443 Begrifl]

835 2446 950 2479 timor.

884 2496 937 2526 15.
964 2493 1216 2527 conturbatus:
1242 2492 1357 2526 Unter
1382 2492 1574 2526 conturba-

833 2540 883 2573 tio
903 2539 1096 2581 ocqurum,
1117 2536 1278 2582 τάραξις,
1300 2539 1466 2573 versteht
1490 2550 1576 2573 man

835 2585 1214 2631 ‘Augenschwindel'‚
1236 2597 1340 2620 wenn
1362 2598 1390 2620 z.
1407 2585 1446 2620 B.
1461 2586 1577 2620 durch

833 2632 1089 2678 Blutandrang
1120 2633 1215 2668 nach
1248 2633 1332 2667 dem
1363 2632 1482 2677 Kopfe
1515 2633 1574 2666 die

835 2679 1012 2715 Sehkraft
1046 2681 1189 2725 gestort
1221 2680 1310 2715 oder
1341 2679 1576 2724 ausgehoben

835 2727 936 2762 wird.
981 2727 1086 2762 Doch
1111 2727 1212 2762 kann
1236 2727 1360 2762 oculus·
1387 2726 1576 2761 conturba-

836 2778 893 2809 tus
925 2774 1019 2809 auch
1051 2774 1259 2818 uberhaupt
1291 2773 1346 2808 ein
1384 2773 1575 2818 getriibtes

836 2821 941 2866 Auge
968 2821 1200 2856 bezeichnen.
