1790 3103
326 62 722 98 TUSCULANARUM
748 63 1149 99 DISPUTATIONUM
1176 64 1218 97 V.
1246 67 1371 98 8—11.
1536 63 1617 104 103

63 175 170 214 dicta
209 180 285 226 est,
327 179 365 211 ct
403 174 583 223 privatim
622 180 660 212 et
697 172 851 224 publice
890 175 1235 223 praestantissimis
1273 180 1312 212 et
1350 175 1538 212 institutis
1580 180 1617 212 et

67 233 228 272 artibus.
291 230 410 269 Cuius
450 231 496 269 de
535 231 738 282 disciplina
776 230 878 269 aliud
917 236 1072 281 tempus
1105 232 1222 269 suerit
1256 233 1418 270 sortasse
1452 231 1616 270 dicendi.

66 291 142 330 Sed
185 289 231 328 ab
273 290 430 339 antiqua
473 289 714 341 philosophia
755 301 879 340 usque
921 288 966 326 ad
1007 288 1225 340 Socratem,
1269 292 1334 340 qui
1374 290 1617 341 Archelaum,

64 349 312 399 Anaxagorae
345 347 593 399 discipulum,
626 348 819 399 audierat,
853 348 1006 386 numeri
1038 353 1245 397 motusque
1280 348 1546 386 tractabantur
1580 356 1617 387 et

63 407 167 446 unde
200 407 328 445 omnia
359 412 568 444 orerentur
594 418 718 456 quove
749 405 982 456 reciderent,
1015 405 1266 455 studioseque
1295 405 1341 443 ab
1368 407 1414 443 iis
1443 406 1616 445 siderum

64 464 369 516 magnitudineS,
411 464 630 516 intervalla,
668 476 808 502 cursus
840 462 1149 514 anquirebantur
1181 470 1220 501 et
1252 469 1391 501 cuncta
1425 464 1616 502 caelestia.

65 522 245 562 Socrates
277 528 406 561 autem
440 524 591 573 primus
623 521 906 573 philosophiam
938 521 1137 560 devocavit
1177 534 1196 559 e
1230 521 1336 560 caelo
1370 528 1408 560 et
1440 523 1477 559 in
1512 522 1616 560 urbi-

64 580 139 620 bus
172 581 387 620 conlocavit
420 588 458 619 et
489 583 528 619 in
562 581 700 619 doums
739 582 854 618 etiam
893 579 1110 618 introduxit
1149 586 1187 618 et
1225 581 1352 631 coegit
1391 579 1437 617 de
1471 581 1545 618 vita
1579 588 1617 618 et

63 639 239 678 moribus
273 639 469 690 rebusque
503 638 616 677 bonis
648 644 686 676 et
724 638 834 677 malis
867 650 1068 689 quaerere.
1131 637 1251 677 Cuius
1284 638 1483 689 multiplex
1517 640 1673 677 ration

61 698 286 749 disputandi
324 709 535 748 rerumque
574 698 740 735 varietas
778 702 817 735 et
854 698 1000 747 ingenii
1038 696 1281 748 magnitudo,
1327 696 1498 735 Platonis
1537 709 1615 735 me-

62 758 185 795 moria
233 761 272 794 et
312 755 453 794 litteris
494 761 739 806 consecrata,
786 755 897 805 plura
938 767 1081 805 genera
1129 756 1257 793 effecit
1299 755 1615 794 dissentientium

61 814 401 866 philosophorum,
433 826 452 851 e
486 813 628 864 quibus
662 825 732 851 nos
764 813 802 851 id
835 815 1080 865 potissimum
1114 815 1316 852 consecuti
1348 825 1504 864 sumus,
1538 826 1614 864 quo

62 872 263 911 Socratem
296 884 412 910 usum
444 871 746 924 arbitrabamur,

785 877 829 910 ut
865 878 1038 910 nostram
1077 873 1152 923 ipsi
1191 873 1424 910 sententiam
1465 877 1614 923 tegere-

59 942 165 981 mus,
206 942 340 968 errore
378 930 472 968 alios
510 930 726 968 levaremus
771 936 810 968 et
847 931 886 968 in
932 932 1037 968 omui
1075 930 1337 982 disputatione
1377 930 1469 981 quid
1509 937 1614 969 esset

59 988 299 1027 simillimum
330 990 411 1026 veri
444 1000 736 1039 quaereremus.

799 988 924 1034 Quem
961 1001 1110 1027 morem
1150 1001 1237 1027 cum
1272 988 1491 1027 Carneades
1524 1001 1612 1027 acu-

59 1048 209 1086 tissime
242 1048 589 1097 copiosissimeque
622 1048 830 1098 tenuisset,
870 1048 1033 1086 fecimus
1073 1054 1111 1086 et
1143 1047 1235 1085 alias
1268 1060 1382 1099 saepe
1417 1053 1455 1086 et
1487 1060 1613 1098 nuper

58 1106 98 1144 in
126 1105 360 1157 Tusculano,
392 1111 435 1143 ut
461 1105 507 1143 ad
535 1117 618 1143 eam
645 1105 968 1144 consuetudinem
997 1106 1306 1157 disputaremus;
1340 1111 1378 1144 et
1405 1106 1612 1156 quadridui

60 1163 217 1214 quidem
250 1175 471 1202 sermonem
513 1163 783 1214 superioribus
821 1164 868 1202 ad
906 1170 944 1202 te
982 1166 1247 1215 perscriptum
1280 1163 1390 1202 libris
1423 1166 1613 1215 misimus,

59 1223 195 1272 quinto
228 1228 357 1260 autem
390 1221 464 1273 dic,
497 1234 586 1260 cum
619 1222 755 1260 eodem
787 1223 827 1261 in
858 1222 943 1261 loco
977 1223 1312 1274 consedissemus,
1344 1223 1399 1261 sic
1433 1228 1491 1261 est
1524 1235 1611 1274 pro-

57 1281 228 1331 positum
261 1279 308 1318 de
342 1291 418 1330 quo
451 1279 751 1330 disputaremus.

104 1358 282 1392 institutis
324 1361 357 1392 et
399 1358 540 1391 artibus
591 1357 798 1401 entspricht

55 1403 257 1439 chiastisch
284 1403 367 1438 dem
389 1405 565 1448 privatim
591 1407 622 1438 et
639 1405 793 1448 publice.

56 1450 202 1485 Ebenso
239 1451 332 1485 wird
375 1451 501 1495 h'aufig
543 1451 721 1486 institutis
764 1455 796 1486 et

55 1499 225 1540 moribus,
249 1498 429 1557 institutis
448 1480 498 1532 et‘³
493 1499 696 1542 praeceptis
716 1509 794 1533 ver-

56 1544 214 1579 bunden.
266 1535 364 1579 Lber
394 1544 453 1578 die
486 1544 603 1579 Sache
635 1557 662 1578 z.
690 1557 718 1580 z.
744 1544 795 1579 IV

0 1590 147 1635 '1‚.2

103 1639 207 1673 cuius
231 1639 273 1673 de
297 1638 504 1682 disciplina.
552 1637 624 1672 Cic.
652 1637 796 1672 seheinb

54 1685 113 1719 die
139 1684 297 1719 Absicht
327 1684 465 1728 gehabt
497 1696 540 1718 zu
566 1684 704 1728 haben,
737 1685 795 1719 die

53 1732 174 1766 Lehre
220 1732 284 1766 des
325 1730 555 1776 Pythagoras
598 1731 689 1765 iiber
733 1731 796 1766 das

54 1778 274 1813 Universum
301 1790 343 1812 zu
363 1778 583 1821 behandein,
608 1777 683 1812 und
704 1778 796 1812 daza

53 1825 92 1860 in
124 1825 243 1860 seiner
274 1818 527 1869 Ubersetzung
562 1835 635 1859 von
668 1825 794 1860 Platos

53 1871 207 1906 Timaus
233 1871 314 1906 eine
332 1870 531 1906 Vorstudie
557 1872 732 1916 gemacht
751 1884 794 1906 zu

53 1918 185 1953 haben.
238 1918 272 1953 S.
300 1918 393 1953 Tim.
421 1930 450 1953 c.
480 1922 509 1952 1.

101 1965 336 2000 Archelaum.-
361 1965 470 2008 Diog.
495 1965 529 1998 II
557 1969 599 1999 16
628 1963 725 2000 ἔοικε
753 1964 794 2000 δὲ

54 2025 115 2046 και
139 2007 246 2051 οὗτος
266 1992 457 2053 ἅψασθαι
463 2012 527 2055 τῆς
546 2009 696 2055 ηθικῆς.
732 2012 795 2046 καὶ

52 2056 124 2103 2c'z9
159 2059 261 2102 περὶ
274 2056 400 2103 νόμων
424 2057 705 2115 πεφιλοσόφηκε
732 2058 796 2093 καὶ

55 2105 180 2140 καλῶν
200 2105 264 2140 καὶ
290 2106 460 2140 δικαίων·
488 2102 582 2160 παρ’
605 2100 648 2140 οὗ
670 2103 795 2162 λαβὼν

53 2149 257 2208 Σωκράτης
275 2152 324 2196 τῷ
354 2148 515 2195 αὐξῆσαι
535 2149 649 2205 αὐτὰρ
670 2150 795 2195 εὑρεῖν

52 2195 269 2243 ὑπελήφθη.
295 2197 384 2237 DaIs
397 2198 570 2233 Sokrates
585 2199 662 2233 sein
677 2199 793 2234 Schu-

50 2245 106 2279 ler
129 2256 299 2291 gewesen
324 2245 393 2288 sei,
428 2245 477 2280 ist
501 2257 570 2279 nur
595 2246 675 2280 eine
701 2246 793 2280 Ver-

50 2294 209 2336 mutung
241 2291 431 2337 spaterer,
469 2303 542 2326 von
579 2292 644 2327 der
674 2292 792 2328 Xeno-

52 2339 155 2384 phon
179 2338 255 2373 und
280 2338 386 2373 Plato
411 2338 533 2373 nichts
559 2339 701 2375 wissen.

100 2386 307 2427 reciderent,
324 2385 401 2419 sich
422 2385 599 2420 auslesen.
627 2386 671 2421 de
693 2386 791 2422 deor.

51 2435 127 2467 nat.
148 2432 181 2466 II
208 2435 264 2475 26,
289 2435 332 2467 66
358 2436 391 2467 et
414 2433 579 2467 recidunt
605 2434 726 2468 omnia
751 2434 792 2469 in

48 2482 166 2514 terras
191 2482 223 2513 et
247 2479 418 2514 oriuntur
443 2491 466 2513 a
492 2480 607 2514 terris.

97 2527 255 2567 numeri,
295 2525 596 2569 Zahlentheorie‚
635 2527 702 2561 wie
739 2527 790 2562 sie

50 2572 110 2607 die
135 2572 387 2617 Pythagoraer
410 2573 670 2610 behandelten.
720 2585 790 2609 mo-

49 2623 120 2662 tus,
144 2619 255 2654 n'aiml.
282 2619 449 2654 siderum.

98 2669 129 2700 et
171 2670 301 2701 cuncta
344 2666 527 2707 caelestia,
569 2666 657 2700 kurz
699 2666 791 2702 alles

49 2725 85 2748 u.
100 2724 126 2748 s,
142 2724 184 2746 w.
230 2712 265 2747 S.
282 2725 309 2747 z.
325 2712 378 2746 III
392 2716 423 2754 2,
440 2716 459 2746 3
480 2716 511 2747 et
530 2713 788 2748 inhaerescunt.

49 2759 200 2794 Danach
225 2759 274 2793 ist
299 2762 318 2801 ξ
347 2763 386 2793 11
414 2763 447 2794 et
477 2761 516 2793 in
543 2760 639 2794 omni
665 2761 789 2804 dispu-

48 2807 186 2841 tatione
210 2816 456 2851 quaereremus
480 2818 523 2840 zu
548 2806 764 2841 beurteilen.

917 1358 1098 1393 Socrates:
1148 1358 1197 1392 Er
1246 1357 1489 1393 beschritnkte
1534 1358 1611 1393 sich

870 1404 936 1439 auf
964 1405 1022 1439 die
1049 1405 1178 1447 Ethik,
1217 1405 1301 1440 weil
1333 1404 1427 1448 ihm,
1467 1405 1534 1439 wie
1574 1416 1613 1440 er

869 1454 991 1496 sagte,
1025 1451 1089 1486 das
1124 1451 1278 1487 Streben
1311 1452 1408 1486 nach
1435 1451 1611 1487 Selbster-

867 1498 1039 1533 kenntnis
1074 1511 1117 1533 zu
1149 1499 1214 1534 der
1240 1498 1485 1543 Spekulation
1520 1499 1611 1533 iiber

868 1545 927 1580 die
959 1545 1078 1580 Natur
1108 1546 1213 1580 nicht
1244 1545 1323 1580 Zeit
1361 1545 1452 1581 liess.
1502 1546 1611 1590 Diog.

867 1592 899 1625 II
921 1596 962 1626 21
994 1589 1140 1627 Γνόντα
1167 1592 1208 1627 δὲ
1235 1590 1304 1636 τὴν
1330 1593 1494 1648 φυσικὴν
1513 1595 1610 1627 θεω-

869 1640 954 1680 ρίαν
992 1637 1110 1684 μηδεν
1149 1637 1245 1673 εἶναι
1283 1637 1376 1682 πρὸς
1403 1636 1526 1697 ἡμᾶς,
1564 1637 1610 1674 τὰ

869 1683 988 1728 ἠθικὰ
1017 1688 1238 1730 φιλοσοφεῖν
1264 1683 1374 1728 ἄρξαι
1396 1683 1461 1720 ἐπί
1477 1698 1515 1720 τε
1537 1686 1610 1720 τῶν

869 1729 1119 1788 ἐργαστηρίων
1176 1733 1238 1767 καὶ
1293 1731 1334 1768 ἐν
1383 1746 1425 1778 τῃ
1477 1729 1609 1787 ἀγορᾷ.

867 1775 1027 1813 κάκεῖνα
1060 1778 1101 1814 δε
1136 1777 1296 1824 φάσκειν
1329 1782 1466 1835 ζητεῖν·
1506 1776 1544 1823 ὅ,
1575 1793 1610 1814 τι

866 1838 923 1860 τοι
951 1823 992 1860 ἐν
1024 1824 1216 1871 μεγάροισι
1248 1825 1366 1861 κακόν
1392 1841 1411 1861 τ
1456 1808 1609 1870 ἀγαθόν

866 1885 904 1907 τε
932 1885 1113 1908 ἳδῖῑκκῖαι

915 1931 932 1954 e
956 1921 1066 1955 coelo:
1091 1920 1159 1954 Die
1185 1920 1442 1965 Philosophie,
1468 1920 1608 1954 welche

868 1966 946 2000 sich
984 1967 1052 2001 mit
1086 1967 1156 2001 den
1187 1967 1608 2002 Himmelserseheinun·

868 2024 939 2057 gen
964 2013 1202 2059 beseh'atftigl:‚
1229 2013 1323 2048 wird
1348 2014 1462 2049 selbst
1483 2014 1537 2048 als
1557 2013 1608 2048 im

866 2059 1030 2095 Himmel
1054 2061 1236 2096 wohnend
1261 2061 1432 2106 gedacht.

917 2111 969 2142 11.
1003 2109 1173 2143 memoria
1211 2112 1243 2142 et
1281 2109 1410 2143 litteris
1442 2117 1608 2149 consecr.,

869 2153 1000 2188 ‘durch
1052 2154 1278 2189 schriftliche
1328 2153 1609 2199 Aufzeichnung

867 2199 951 2234 dem
976 2201 1181 2236 Andenken
1206 2201 1403 2237 erhalten’.

912 2258 930 2281 e
960 2248 1109 2291 quibu-s;
1147 2248 1201 2282 als
1239 2249 1286 2282 ob
1323 2259 1455 2292 yenera
1491 2248 1607 2292 philo-

865 2295 1063 2338 sophandi,
1094 2295 1199 2329 nicht
1228 2305 1359 2338 yeowra
1379 2295 1607 2339 philosopho-

864 2352 946 2375 rum
971 2341 1227 2386 vorausginge.
1279 2341 1313 2376 S.
1342 2354 1369 2376 z.
1395 2341 1446 2375 IV
1472 2345 1534 2385 21,
1561 2345 1606 2376 48

865 2387 1136 2423 Gladiatorium
1155 2389 1195 2423 id
1213 2389 1366 2433 quidem,
1390 2399 1607 2433 quamquam

863 2435 905 2468 in
930 2436 977 2469 iis
1002 2436 1091 2479 ipsis
1118 2437 1184 2469 cet.

912 2481 1132 2525 Carneades,
1158 2494 1184 2518 s.
1212 2494 1239 2516 z.
1266 2482 1319 2516 III
1344 2485 1401 2525 22,
1428 2486 1483 2517 54.
1526 2482 1606 2517 Den

863 2528 1110 2563 Unterschied
1129 2528 1308 2563 zwischen
1325 2528 1510 2564 Sokrates'
1531 2528 1602 2563 Iro-

862 2574 921 2609 m'e
942 2576 1017 2610 und
1037 2576 1245 2620 fingiertem
1263 2575 1511 2610 Nichtwissen
1530 2575 1605 2609 und

861 2621 1085 2657 Karneades'
1121 2622 1271 2666 Skepsis
1314 2622 1389 2656 und
1431 2622 1606 2666 Leugnen

862 2667 927 2702 der
941 2668 1185 2714 Meglichkeit
1204 2669 1267 2703 des
1291 2668 1504 2703 Erkennens
1523 2679 1602 2701 ver-

861 2715 1089 2760 nachl’aissigt
1124 2715 1261 2750 Cicero.
1318 2715 1351 2749 S.
1381 2715 1474 2749 Einl.
1502 2717 1601 2755 522.

909 2763 1026 2796 eodem
1062 2763 1101 2795 ivn
1140 2762 1230 2804 loco,
1268 2761 1431 2795 niimlich
1470 2760 1507 2793 in
1538 2760 1604 2794 der

862 2819 986 2852 sogen.
1014 2808 1228 2851 Akademie,
1255 2819 1281 2842 s.
1310 2807 1342 2842 II
1369 2811 1400 2848 3,
1428 2810 1459 2841 9.
