1817 3103
336 101 733 138 TUSCULANARUM
758 100 1161 138 DISPUTATIONUM
1190 104 1213 138 I.
1242 107 1390 139 28-31.
1591 104 1646 146 21

89 218 128 252 et
160 218 339 252 naturam
371 211 540 250 divinam
572 210 832 263 arbitrantur,
873 222 944 249 nec
977 222 1069 249 vero
1108 210 1145 248 id
1186 212 1407 251 conlocutio
1447 213 1648 253 hominum

88 276 157 310 aut
187 282 396 310 consessus
429 270 570 322 Qu,
602 281 679 308 non
712 270 903 308 institutis
936 270 1067 320 opinio
1095 274 1155 308 est
1180 270 1418 320 confirmata,
1452 284 1527 310 non
1556 272 1647 323 legi-

88 328 183 381 bus;
225 330 331 368 omni
372 334 503 369 autem
543 330 582 366 in
624 340 666 373 re
706 329 1130 382 consensiozomnium
1168 328 1647 385 genti-[l—Tmsslpssjfflturass
1677 328 1791 416 ,ΧΗ

144 387 259 427 tanda
291 385 368 426 est:
401 409 455 414 —
489 388 577 438 quis
617 392 676 425 est
713 388 833 437 igitur
872 387 939 437 qui
972 398 1134 425 suorum
1166 392 1333 424 mortem
1366 388 1534 436 primum
1569 402 1644 427 non
1706 390 1711 394 ”

63 400 308 498 m,
341 445 445 496 quod
478 457 544 484 eos
571 444 730 483 orbatos
756 446 854 483 vitae
882 444 1097 482 commodis
1125 442 1368 483 arbitretur?
1412 444 1519 482 Tolle
1547 445 1645 484 hanc

87 505 324 556 opinionem,
356 503 505 543 luctum
537 503 758 542 sustuleris.
820 502 943 541 Nemo
976 504 1080 541 enim
1108 509 1256 542 maeret
1282 504 1645 555 suffleommodo:

86 562 221 602 dolent
258 563 423 601 sortasse
457 567 495 600 et
526 567 742 613 anguntur;
780 561 848 600 sed
881 561 943 599 illa
983 561 1161 612 lugubris
1194 561 1416 600 lamentatio
1451 561 1644 612 fletusque

87 633 266 678 maerens
305 633 351 660 ex
389 632 435 659 eo
477 626 552 671 est,
591 619 694 670 quod
734 632 841 671 eum,
883 632 1000 670 quem
1032 620 1257 672 dileximus,
1296 622 1396 659 vitae
1430 620 1645 659 commodis

87 681 280 732 privatum
313 678 549 718 arbitramur
576 678 693 729 idque
720 680 878 717 sentire.
933 679 1058 730 Atque
1087 678 1181 717 haec
1208 681 1259 718 ita
1287 681 1479 718 sentimus
1507 685 1644 718 natura

86 738 198 789 duce,
231 737 335 776 nulla
368 738 516 776 ratione
551 731 734 787 nullaque
767 736 955 775 doctrina.

202 796 424 835 Maxumum
467 807 559 834 vero
603 801 878 846 argumentum
921 802 980 834 est
1021 801 1199 834 naturam
1241 797 1365 846 ipsam
1414 796 1461 834 de
1503 774 1719 856 mmor-{ff

88 854 234 894 talitate
274 856 493 893 animorum
532 855 689 893 tacitam
727 854 919 905 iudicare,
959 854 1063 905 quod
1102 854 1283 893 omnibus
1323 867 1439 893 curae
1480 861 1571 893 sunt
1610 861 1648 894 et

87 925 289 953 maxumae
322 912 492 965 quidem,
525 924 622 963 quae
655 918 745 964 post
777 918 944 951 mortem
976 913 1107 952 sutura
1140 915 1230 952 sint.

381 982 491 1022 Serit
522 983 701 1030 arbores,
733 995 838 1030 quae
869 985 992 1022 alteri
1021 985 1154 1022 saeclo
1181 986 1352 1033 prosint,

86 1060 131 1094 ut
162 1043 311 1093 aisi’lle
342 1054 382 1091 in
416 1052 672 1104 Synephebis,
706 1053 797 1104 quid
831 1059 1013 1105 spectans
1046 1055 1120 1092 nisi
1154 1055 1270 1092 etiam
1302 1058 1459 1105 postera
1494 1053 1647 1092 saecula

85 1113 132 1152 ad
171 1125 213 1151 se
251 1109 481 1163 pertinere?
543 1111 644 1162 Ergo
690 1111 851 1150 arbores
896 1118 1001 1150 seret
1045 1112 1210 1163 diligens
1249 1112 1435 1164 agricola,
1482 1124 1648 1162 quarum

85 1172 248 1223 aspiciet
285 1170 419 1208 bacam
458 1171 542 1220 ipse
585 1182 816 1222 numquam,
862 1172 918 1209 vir
958 1183 1120 1221 magnus
1159 1171 1281 1223 leges,
1329 1172 1526 1222 instituta,
1564 1182 1648 1208 rem

85 1305 306 1352 προλήψεις,
332 1305 412 1340 sind
431 1304 580 1350 riehtig,
606 1306 695 1340 aber
715 1306 831 1341 durch

85 1353 145 1389 die
171 1353 376 1397 corruptela
410 1353 525 1387 malae
561 1353 830 1388 consuetudinis

86 1401 146 1446 (de
170 1400 243 1445 leg.
269 1400 285 1434 I
315 1403 376 1443 12,
402 1403 457 1434 33.
501 1399 586 1445 Vgl.
608 1399 702 1434 Einl.
731 1403 750 1442 ξ
769 1401 828 1444 29)

86 1446 234 1483 werden
260 1447 313 1481 sie
338 1446 555 1481 verdorben.

134 1497 200 1529 aut
231 1503 422 1529 consessus.
473 1493 540 1528 Die
566 1493 672 1528 Hdss.
706 1493 829 1529 haben

84 1551 294 1584 consensus,
325 1551 402 1575 was
434 1540 648 1585 unmoglich
681 1540 747 1583 ist,
780 1541 828 1575 da

83 1598 276 1624 consensus
299 1587 375 1622 und
401 1588 584 1622 consensio
610 1589 652 1631 (s.
679 1590 697 1629 ξ
722 1591 765 1622 35
792 1600 826 1623 u.

84 1637 144 1680 36)
180 1633 514 1679 gleichbedeutend
553 1634 644 1669 sind.
695 1645 828 1669 conses-

83 1692 146 1717 sus
175 1681 322 1716 bezieht:
352 1680 430 1715 sich
462 1681 513 1715 im
546 1680 753 1725 Gegensatz
785 1693 828 1715 zu

83 1727 312 1773 geordneten
369 1727 703 1772 Versamrnlungen
765 1728 831 1763 auf

82 1776 174 1811 freie
200 1774 538 1819 Vereinbarungen.
593 1778 646 1817 16,
674 1779 718 1809 37
745 1785 825 1810 con-

83 1832 199 1858 sessus
218 1822 360 1857 theatri.
406 1821 451 1855 de
472 1822 543 1866 leg.
565 1821 598 1856 ΙΙ
619 1824 651 1864 5,
675 1826 715 1856 13
737 1833 827 1866 quae

83 1879 158 1904 nou
194 1869 310 1913 mayis
347 1869 434 1912 Ieyis
464 1879 592 1903 nomen
629 1870 828 1913 attinyunt,

83 1926 192 1961 quam
226 1917 259 1950 si
293 1916 451 1950 latrones
485 1916 630 1959 aliquas
664 1926 828 1951 consessu

83 1973 148 1998 suo
173 1963 374 1998 sanxerint.
426 1962 473 1996 ad
496 1962 572 1998 Att.
594 1962 610 1995 I
632 1966 685 2004 16,
707 1966 727 1997 3
754 1973 827 1997 non

82 2010 181 2046 enim‘
201 2020 370 2054 umquam
396 2010 540 2053 turpior
565 2010 606 2044 in
626 2010 711 2044 ludo
735 2010 827 2044 tala-

82 2057 138 2092 rio
164 2066 346 2091 consessus
369 2055 453 2099 fuit.

123 2104 299 2148 primum,
325 2113 364 2137 es
383 2102 479 2138 fehlt
498 2103 557 2138 ein
576 2103 715 2138 deiude.
754 2103 827 2138 Der

84 2149 374 2195 entsprechende
423 2148 598 2184 Gedanke
649 2150 740 2195 h’egt
790 2150 828 2185 in

81 2198 281 2232 maximum
313 2207 414 2238 vero,
449 2197 578 2231 womit
608 2197 673 2231 das
699 2198 827 2232 zweite

84 2244 253 2279 Moment:
295 2244 359 2278 des
405 2243 585 2278 Beweises
629 2243 828 2289 angeffihrt

84 2290 188 2326 wird.
238 2290 323 2336 Vgl.
344 2290 376 2324 V
397 2294 429 2333 9,
451 2294 494 2325 25
520 2293 674 2325 vexatur
698 2291 802 2326 idem.

129 2347 232 2373 nemo
256 2337 350 2372 enim
375 2340 523 2372 maeret:
555 2337 628 2382 vgl.
650 2337 701 2371 IV
721 2341 752 2380 8,
783 2340 826 2372 18

84 2385 202 2420 luctus
228 2384 417 2429 aeyritudo
443 2395 486 2419 ex
511 2384 605 2426 eius,
631 2385 695 2429 qui
719 2395 828 2420 carus

82 2432 212 2475 suerit,
244 2431 395 2466 interitu
431 2431 572 2473 acerbo,
603 2442 744 2466 maeror
769 2443 825 2467 ae-

82 2478 229 2523 gritudo
264 2478 403 2522 flebili&
431 2498 474 2503 —-
509 2489 553 2512 ea:
587 2489 625 2513 eo
660 2482 727 2521 est,
760 2478 827 2513 hat

82 2524 190 2560 datin
215 2524 322 2559 ihren
347 2523 484 2559 Grund.

129 2572 248 2616 Atque
271 2571 376 2606 haec:
400 2571 565 2606 namlich
589 2571 668 2607 dass
688 2571 740 2607 sie
762 2572 827 2607 der

83 2616 199 2654 Giiter
229 2618 387 2653 beraubt
418 2619 498 2653 sind
529 2619 604 2653 und
636 2619 713 2664 dies
749 2630 825 2654 em-

81 2665 240 2709 pfinden,
261 2665 376 2700 daher
395 2665 460 2701 der
473 2665 609 2702 Plural.
643 2664 825 2711 Ubrigens

84 2712 248 2747 leuchtet
274 2711 350 2756 ein,
384 2711 463 2747 dass
496 2713 590 2747 auch
615 2712 733 2747 dieses
758 2714 825 2748 Ar-

82 2759 237 2802 gument
255 2769 375 2804 gegen
389 2758 462 2794 Cic.
477 2760 723 2804 angewendet:
735 2771 825 2794 wer-

84 2804 155 2840 den
191 2804 308 2849 kann,
347 2805 444 2841 denn
482 2817 520 2841 es
553 2806 650 2851 folgt
681 2807 825 2850 daraus,

83 2850 163 2886 dass
194 2852 289 2887 auch
320 2852 385 2887 der
416 2853 576 2897 Glaube,
614 2853 675 2888 die
707 2853 826 2889 Toten

904 1305 1129 1350 empfiinden
1167 1306 1237 1341 den
1271 1307 1439 1349 Verlust,
1471 1307 1647 1351 naturge-

902 1352 994 1388 mass
1020 1353 1086 1396 ist,
1119 1365 1194 1388 was
1223 1353 1296 1388 Cic.
1324 1357 1342 1396 ξ
1373 1358 1413 1388 12
1441 1353 1646 1397 widerlegt.

948 1399 1040 1444 Kap.
1065 1399 1126 1435 14.
1148 1404 1204 1435 31.
1231 1402 1389 1436 tacitam.
1424 1400 1497 1434 Der
1517 1399 1647 1434 Modus

902 1447 966 1481 der
1008 1447 1209 1492 Handlung
1256 1449 1394 1491 (tacito)
1438 1446 1530 1481 wird
1585 1459 1647 1480 zur

901 1494 1144 1539 Eigenschast,
1170 1494 1234 1529 des
1257 1494 1434 1539 Subjek‘ts
1460 1494 1646 1539 gemacht,

900 1541 960 1575 ein
986 1540 1200 1585 Gebrauch,
1234 1541 1300 1576 der
1335 1542 1414 1576 sich
1447 1540 1647 1576 besonders

901 1587 961 1622 bei
994 1588 1126 1630 laetus,
1161 1589 1299 1623 invitus
1328 1589 1405 1623 und
1443 1588 1541 1623 allen
1575 1587 1646 1622 Ad-

897 1634 1077 1678 jektiven‚
1106 1635 1165 1669 die
1193 1635 1299 1670 einen
1328 1635 1455 1670 Affekt
1479 1635 1646 1670 bezeich-

901 1692 983 1725 nen,
1010 1682 1135 1716 findet.

947 1729 1042 1764 serit.
1094 1729 1168 1763 Der
1206 1729 1298 1763 Vers
1340 1729 1488 1763 besteht
1527 1728 1645 1762 wahr-

901 1774 1106 1810 scheinlich
1132 1787 1197 1811 aus
1223 1774 1420 1811 Kretikern

923 1854 931 1865 ,
1337 1843 1381 1848 -
1408 1822 1503 1857 Serit

900 1869 1069 1911 Arbores,
1082 1880 1173 1913 quae
1188 1870 1296 1904 alteri
1315 1870 1457 1904 saeculo
1473 1869 1644 1913 pro'sient.

953 1919 993 1950 ut
1007 1917 1061 1950 ait
1079 1917 1149 1951 ille.
1182 1917 1242 1951 ille
1261 1916 1358 1951 fehlt
1369 1916 1407 1950 in
1425 1916 1496 1950 den
1516 1915 1646 1950 besten

901 1962 1009 1998 Hdss.
1050 1964 1125 1997 und
1162 1963 1213 1998 ist
1249 1963 1287 1997 in
1333 1963 1495 1998 anderen
1531 1962 1645 1997 durch

899 2009 1051 2044 Ennius
1077 2010 1166 2045 oder
1191 2010 1335 2045 Statius
1360 2011 1530 2055 erganzt,
1557 2009 1646 2044 aber

900 2056 966 2091 das
998 2056 1174 2101 folgende
1207 2057 1305 2102 Quid
1336 2061 1500 2101 spectans
1536 2056 1645 2101 zeigt,

900 2102 980 2138 dass
1007 2103 1080 2138 Cic.
1112 2104 1219 2139 nicht
1250 2104 1320 2139 den
1353 2104 1523 2146 Dichter,
1561 2114 1644 2138 son-

901 2150 991 2185 dern
1022 2151 1103 2185 eine
1129 2151 1267 2186 Person
1299 2151 1363 2185 des
1397 2150 1555 2185 Stiickes
1590 2160 1644 2184 re-

901 2197 997 2231 dend
1030 2197 1224 2232 einfiihrte.
1275 2198 1415 2233 Fehlen
1447 2197 1546 2232 kann
1577 2197 1643 2231 das

901 2243 1058 2289 Subjekss
1082 2244 1198 2288 m'chb,
1224 2244 1272 2279 da.
1296 2246 1418 2289 inquit
1438 2245 1532 2280 ohne
1549 2243 1643 2279 Sub-

896 2290 980 2335 jekt
1003 2302 1072 2325 nur
1105 2291 1282 2326 bedentel:
1316 2292 1418 2326 ‘man
1444 2291 1556 2335 sagt'.
1609 2291 1643 2325 S.

899 2350 927 2372 z.
955 2338 971 2372 Ι
999 2341 1054 2381 39,
1076 2342 1132 2372 93.
1159 2359 1202 2363 -
1230 2338 1385 2381 Statius,
1410 2338 1643 2382 Zeitgenosse

899 2385 963 2419 des
995 2385 1153 2429 Ennius,
1191 2387 1285 2430 gest.
1315 2390 1399 2429 168,
1437 2385 1540 2419 hatte
1576 2384 1642 2419 dae

901 2431 1016 2467 Stiick
1060 2432 1123 2466 des
1167 2433 1370 2467 Menander
1407 2431 1641 2478 Συνέφηβοι,

899 2478 958 2513 die
990 2479 1309 2524 Jugendfreunde,
1347 2478 1545 2514 lateinisch
1580 2478 1642 2513 be-

899 2526 1068 2561 arbeitet.
1120 2526 1201 2560 Den
1227 2525 1549 2570 Zusammenhang
1577 2525 1641 2560 des

899 2572 1031 2608 Verses
1056 2572 1154 2608 sieht
1178 2583 1264 2608 man
1290 2584 1355 2607 aus
1382 2573 1426 2607 de
1448 2583 1521 2608 sen.
1539 2575 1568 2613 7,
1585 2575 1640 2606 24.

946 2620 1036 2665 {eyes
1071 2630 1146 2655 ozon
1181 2624 1280 2655 seret.
1341 2619 1409 2654 Die
1447 2619 1642 2663 Metapher

898 2666 949 2701 ist
986 2666 1101 2701 durch
1136 2666 1207 2701 den
1245 2667 1452 2712 Gegensatz
1490 2666 1641 2700 hervor-

899 2713 1070 2758 gerufen‚
1109 2715 1212 2748 sonst
1242 2714 1310 2748 hat
1339 2723 1452 2748 serere
1484 2711 1640 2746 bildlieh

898 2760 1105 2804 gebrauchl:
1146 2760 1277 2795 immer
1320 2759 1380 2794 die
1421 2759 1641 2803 Bedeutung

901 2807 1152 2849 ‘verbreiten'‚
1179 2807 1248 2840 wie
1276 2807 1379 2841 rixas
1409 2816 1538 2848 serere,
1568 2816 1639 2840 ser-

897 2854 1063 2889 monibus
1088 2853 1230 2897 aliquid
1257 2863 1379 2888 serere.
