1817 3103
294 65 689 102 TUSCULANARUM
719 65 1126 101 DISPUTATIONUM.
1156 66 1197 100 ll.
1224 70 1373 102 24-2‘8.
1555 67 1611 106 85

55 178 128 216 tia:
162 176 269 215 Philo
303 183 342 215 et
373 177 532 227 proprio
566 186 729 213 numero
763 180 800 212 et
834 174 931 212 lecta
965 178 1142 224 poemata
1175 181 1212 212 et
1247 175 1330 213 loco
1364 176 1609 227 adiungebat.

54 234 189 286 ltaque
224 241 427 285 postquam
466 233 637 271 adamavi
677 232 774 270 hanc
815 234 924 283 quasi
956 231 1119 270 senilem
1152 232 1490 285 declamationem,
1530 242 1608 273 stu-

55 293 162 332 diose
196 293 377 343 equidem
412 298 500 331 utor
532 292 677 329 nostris
710 292 853 342 pos-tis3
886 290 966 342 sed,
998 289 1123 328 sicubi
1157 290 1210 328 illi
1238 290 1479 343 defecerunt,
1513 294 1611 331 verti

55 353 171 390 etiam
203 351 322 390 multa
345 347 401 389 ‘de
435 350 613 402 Graecis,
654 362 701 388 ne
742 362 818 400 quo
857 355 1086 387 ornamento
1127 350 1164 386 in
1198 348 1270 387 hoc
1303 361 1446 399 genere
1479 351 1610 401 dispu-

55 411 212 449 tationis
250 414 403 448 carerct
435 409 568 447 Latina
609 410 744 446 oratio.
808 407 883 445 Sed
918 407 1074 445 videsne
1116 411 1250 457 poc-tae
1290 406 1382 457 quid
1423 408 1510 445 mali
1547 409 1607 446 ad·
1625 416 1667 447 -27

54 465 210 507 ferant?
271 467 545 506 Lamentantes
586 467 777 505 inducunt
816 466 1051 504 fortissimos
1085 467 1204 517 viros,
1243 465 1423 504 molliunt
1462 468 1611 504 animos

55 532 222 576 nostros,
255 527 306 565 ita
339 531 430 565 sunt
462 525 601 564 deinde
635 524 786 576 dulces,
826 531 868 563 ut
902 536 977 562 non
1011 524 1190 574 legantur
1223 523 1355 575 modo,
1394 525 1461 562 sed
1496 526 1611 562 etiam

54 584 290 623 ediscantur.
354 584 419 623 Sic
457 584 503 622 ad
545 583 682 621 malam
721 583 973 621 domesticam
1013 582 1255 633 disciplinam
1295 584 1490 633 vitamque
1529 595 1610 621 um-

55 642 234 681 bratilem
267 650 305 681 et
337 642 540 681 delicatam
573 654 662 680 cum
695 648 947 680 accesserunt
979 642 1095 679 etiam
1127 645 1276 692 pos-tac,
1309 653 1449 679 nervos
1476 653 1611 679 omnes

54 702 220 749 virtutes
252 701 412 740 elidunt.

55 771 171 810 quam
213 760 321 798 tinxit
362 758 444 810 ille,

56 823 198 856 statum
232 818 468 868 exquireret.

54 889 74 914 a
113 877 279 927 pueritIa
323 875 487 926 legimus
526 882 560 914 et
608 876 835 927 ediscimus,

51 935 269 973 doctrinam
302 940 495 985 putamus.

170 993 245 1031 Sed
279 993 372 1043 quid
404 995 531 1043 poetis
563 991 798 1031 irascimur?

54 1053 162 1090 venti
201 1058 309 1102 sunt,
348 1053 415 1102 qui
453 1064 648 1090 summum
689 1052 830 1090 malum
870 1052 1044 1090 dolorem
1082 1051 1270 1089 dicerent.

475 700 596 739 Recte
635 701 753 750 igitur
792 713 812 738 a
844 699 1002 738 Platone
1045 700 1242 737 eiciuntur
1283 712 1327 737 cx
1369 712 1411 737 ea
1445 701 1612 752 civitate,

492 771 581 797 cum
626 761 793 809 optimos
843 770 972 797 mores
1020 764 1057 797 et
1102 759 1292 808 optimum
1336 759 1392 795 rei
1434 757 1612 809 publicae

530 818 578 855 At
610 830 701 855 vero
735 830 824 869 nos,
863 817 966 855 docti
1001 816 1150 855 scilicet
1183 829 1201 853 a
1235 816 1416 868 Graecia,
1448 817 1541 855 haec
1575 823 1614 856 et

880 876 978 914 lianc
1024 875 1284 913 eruditionem
1330 874 1529 913 liberalem
1575 882 1614 914 et

1333 1051 1380 1089 At
1420 1057 1482 1102 tu,
1520 1051 1611 1090 adu-

56 1109 220 1161 lescens,
242 1122 332 1148 cum
359 1110 396 1147 id
425 1109 493 1148 tibi
520 1109 633 1161 paulo
660 1117 748 1148 ante
776 1110 940 1149 dixisses
968 1110 1101 1161 videri,
1123 1115 1282 1159 rogatus
1309 1122 1328 1147 a
1355 1122 1415 1148 me
1438 1112 1611 1150 etiamne

54 1170 178 1207 maius
212 1180 326 1219 quam
361 1168 543 1218 dedecus,
577 1169 695 1206 verbo
729 1168 775 1207 de
810 1170 1002 1207 sententia
1029 1169 1224 1206 destitisti.

341 1228 464 1264 maius
514 1226 617 1265 dicet
668 1239 753 1266 esse
806 1227 947 1265 malum
995 1227 1231 1264 mediocrem
1277 1226 1450 1265 dolorem
1496 1239 1613 1278 (ptam

547 1287 586 1324 in
625 1287 709 1336 ipso
750 1287 852 1324 enim
891 1285 1083 1324 dedecore
1123 1285 1214 1323 mali
1252 1284 1348 1323 nihil
1387 1297 1493 1338 esse,

532 1343 628 1389 Quis
660 1345 779 1395 igitur
811 1344 1026 1395 Epicurum
1059 1345 1239 1394 sequitur
1267 1343 1388 1395 dolor,
1423 1357 1512 1383 cum
1540 1345 1614 1383 hoc

54 1226 288 1277 Epicurum:

52 1296 276 1324 maxumum
314 1284 503 1337 dedecus3

56 1349 271 1394 sequantur
303 1343 468 1382 dolores.

52 1457 186 1500 yravis,
213 1457 328 1491 brevis
349 1477 389 1481 -
412 1457 550 1491 dictata
581 1461 684 1498 sunt,
717 1457 750 1492 d.
771 1457 794 1493 i.

53 1502 369 1548 Kinderspri‘iche3
398 1503 486 1538 oder
519 1514 557 1538 es
583 1504 797 1539 bezeichnet

53 1549 119 1584 das
128 1551 372 1595 wortgetreue
381 1550 612 1595 Nachwgen,
624 1551 667 1585 de
678 1551 709 1585 d.
720 1553 795 1586 nat.

54 1595 134 1639 126,
144 1600 187 1631 72
199 1598 271 1632 ista
284 1598 377 1632 enim
393 1609 416 1632 α
430 1598 526 1632 vobis
541 1599 646 1641 quasi
659 1599 797 1633 dictata

54 1644 265 1678 redduntur.
294 1665 335 1669 —
365 1645 495 1678 dilectu
522 1661 566 1673 =
592 1645 736 1679 delectu.

103 1690 210 1725 Philo
236 1703 262 1725 s.
290 1691 384 1726 Einl.
412 1694 431 1733 ξ
458 1695 512 1726 20.

103 1737 177 1772 Ioco
198 1754 241 1766 =
262 1748 327 1772 suo
355 1738 440 1781 Ioco,
466 1739 506 1772 in
533 1738 606 1772 loco
634 1738 696 1772 ‘an
716 1749 798 1782 pas—

55 1784 186 1819 sender
225 1784 369 1819 Stelle’.
420 1784 467 1819 ad
499 1785 583 1819 fam.
612 1785 661 1818 IX
690 1789 751 1827 16,
779 1789 799 1819 4

56 1830 233 1866 Oenomao
274 1835 335 1865 tuo
371 1832 465 1866 nihil
497 1836 597 1874 utor,
637 1833 702 1866 etsi
736 1843 798 1876 po-

53 1878 162 1913 suisti
187 1879 262 1913 loco
287 1889 410 1913 versus
434 1879 626 1914 Accianos.

102 1925 248 1959 senilem
284 1925 599 1968 declamationem,
637 1937 662 1960 s.
703 1925 799 1960 Einl.

108 2021 163 2053 27.
196 2019 273 2053 vita
305 2019 529 2061 umbratilis,
567 2019 632 2053 das
669 2019 800 2063 ruhige

59 2064 135 2099 und
161 2065 325 2110 sorglose
351 2065 475 2100 Leben
500 2066 551 2099 im
578 2065 718 2108 Hause,
751 2067 801 2100 im

61 2111 268 2156 Gegensatz
294 2125 338 2147 zu
364 2113 428 2147 der
449 2112 687 2147 offentlichen
707 2113 802 2147 Tha-

59 2158 206 2203 tigkeit.
257 2159 292 2194 S.
319 2159 351 2193 V
378 2163 435 2202 27,
463 2163 505 2194 78
532 2161 687 2202 umbris,
713 2161 800 2194 ‹leli-

60 2206 144 2247 ciis,
176 2206 257 2241 otio.
309 2207 352 2241 de
386 2217 436 2241 or.
464 2207 479 2240 Ι
505 2210 567 2250 34,
598 2211 662 2241 157
696 2207 799 2242 Edu-

54 2252 166 2287 cenda
191 2253 321 2287 deinde
346 2254 456 2288 dictio
487 2257 536 2288 est
569 2264 612 2287 ea:
646 2254 714 2288 hac
739 2255 799 2288 do-

53 2300 199 2334 mestica
242 2301 496 2334 exercitatione
539 2303 571 2334 et
609 2301 799 2335 umbratili

53 2346 208 2380 medium
234 2347 275 2381 in
301 2358 445 2392 agmen,
471 2348 512 2381 in
531 2348 732 2391 pulverem,
758 2349 798 2382 in

56 2393 252 2428 clamorem.

101 2450 226 2475 nervos
254 2461 295 2465 —
322 2441 473 2483 elidunt,
501 2440 552 2475 sie
579 2441 798 2476 schw‘tehen

56 2485 115 2520 die
141 2468 490 2522 Kraft.Dasse1b’e
517 2487 599 2521 Bild
625 2487 673 2521 im
696 2487 797 2522 G1ie-

58 2532 228 2568 cnischen
261 2533 356 2568 Plat.
378 2545 453 2589 rep.
474 2535 526 2568 ΙΙΙ
552 2547 586 2588 p.
601 2535 703 2568 411b
731 2534 799 2575 ἕως

58 2575 106 2613 ἂν
157 2576 314 2639 ἕκτέμνῃ
367 2578 446 2624 (τὸν
489 2577 632 2624 θυμὸν)
677 2578 798 2625 ὥσπερ

54 2626 169 2669 νεῦρα
191 2623 232 2662 ἐκ
249 2627 313 2672 τῆς
326 2627 459 2671 ψυχῆς.
488 2626 573 2672 Vgl.
589 2627 654 2668 νς
678 2632 720 2662 16
736 2629 800 2673 qui

55 2673 167 2754 rlebus
193 2674 249 2708 his
283 2674 426 2716 fractus
468 2675 695 2718 aeyritudine
736 2677 796 2710 eli-

57 2719 158 2753 citur

105 2766 297 2801 eiciuntur.
332 2766 428 2802 Plat.
451 2767 494 2801 de
515 2779 553 2802 re
555 2780 608 2824 p.
630 2767 800 2804 1113982.

47 2807 182 2855 ’Ἄνδρα
214 2810 260 2857 δὴ
291 2834 330 2838 -
360 2812 395 2848 εἰ
426 2811 510 2859 ἡιιῑν
542 2812 718 2859 ἀφίκοιτο
745 2815 798 2855 εἰς

1276 1167 1381 1217 Roga
1409 1169 1481 1207 hoe
1510 1169 1612 1207 idem

1538 1288 1614 1324 nisi

871 1470 938 1501 την
970 1455 1081 1491 πόλιν
1115 1453 1228 1496 αὐτός
1261 1469 1298 1491 τε
1337 1457 1400 1491 καὶ
1432 1455 1475 1491 τὰ
1508 1455 1615 1502 ποιή-

870 1517 967 1549 ματα
983 1501 1164 1560 βουλόμετ
1167 1516 1217 1559 ,ος
1224 1500 1498 1559 ἐπιδείξασθαι,
1507 1518 1615 1548 προς-

870 1556 1047 1606 κυνοῐμεν
1068 1549 1115 1585 clv
1131 1547 1246 1584 αὐτὸν
1261 1547 1309 1589 ὡς
1325 1548 1426 1607 ιερόν
1442 1551 1503 1585 καὶ
1518 1554 1614 1586 θαυ-

870 1596 1010 1643 μασῖὸν
1043 1612 1105 1632 και
1133 1594 1228 1641 ἡδύν
1256 1617 1297 1622 ·-·
1325 1594 1616 1643 αποπέμπῠιμέν

870 1657 908 1679 τε
938 1644 990 1684 εἰς
1017 1642 1131 1688 ἄλλην
1157 1642 1276 1678 πόλιν.

919 1695 950 1726 et
976 1704 998 1726 α
1032 1692 1193 1736 puer-itia
1220 1692 1377 1735 leyimus.
1428 1692 1519 1727 Eine
1548 1705 1614 1727 un-

871 1739 1126 1783 gewobnliche
1147 1737 1432 1784 Wortstellnng.
1471 1739 1616 1775 Minder

874 1785 1077 1820 auffallend
1110 1789 1206 1820 wiire
1239 1796 1294 1828 cs,
1333 1798 1439 1820 wenn
1474 1786 1540 1821 das
1571 1799 1615 1821 zu

872 1832 1007 1867 beiden
1046 1832 1204 1867 Verben
1238 1832 1415 1877 geborige
1454 1845 1477 1867 α
1513 1845 1615 1878 puer.

873 1879 996 1913 hinter
1034 1879 1099 1913 das
1138 1880 1234 1914 erste
1267 1879 1430 1914 Verbum
1466 1881 1618 1925 gestent

873 1929 989 1961 wilre:
1017 1930 1048 1960 ct
1074 1927 1223 1970 leyimus
1249 1938 1281 1961 α.
1306 1938 1342 1970 p.
1370 1930 1402 1961 et
1427 1928 1479 1962 ecl.

920 1973 1014 2017 Καρ.
1044 1973 1105 2008 12.
1158 1976 1213 2007 28.
1252 1974 1370 2015 verbo,
1399 1974 1530 2008 ‘sehon
1555 1975 1621 2009 auf

877 2019 948 2053 ein
975 2020 1101 2055 WVort
1126 2031 1197 2055 von
1224 2020 1323 2054 mir'.
1349 2021 1450 2055 Brut.
1473 2025 1527 2065 78,
1548 2025 1617 2056 270

875 2067 1005 2101 multos
1028 2068 1152 2110 fuisse,
1178 2068 1242 2111 qui
1266 2068 1411 2102 verbum
1430 2079 1618 2113 nunquam

875 2115 915 2148 in
943 2125 979 2148 re
998 2115 1148 2158 publica
1175 2115 1349 2156 fecissent.

922 2171 1031 2205 roya:
1074 2161 1148 2206 vgl.
1191 2165 1250 2203 16,
1289 2164 1332 2195 38
1375 2162 1496 2196 adduc
1527 2164 1618 2206 pari

875 2208 997 2242 animo
1019 2208 1291 2242 incaercstatum
1313 2209 1471 2252 militem,
1488 2210 1618 2245 mulier

873 2255 1063 2289 videbitur.
1082 2255 1131 2288 IV
1143 2259 1199 2298 24,
1211 2259 1256 2289 54
1276 2266 1460 2299 commove,
1479 2258 1616 2292 senties

924 2302 1012 2346 Quis
1052 2303 1166 2346 zyztur
1198 2304 1267 2337 cet.
1318 2302 1392 2337 Der
1425 2303 1515 2337 Sinn
1551 2304 1619 2338 ist:

871 2348 1014 2392 Epikur
1034 2349 1250 2394 behauptet,
1271 2348 1351 2384 dass
1371 2348 1431 2384 die
1448 2350 1617 2385 Schande

871 2407 940 2429 nur
971 2396 1026 2430 ins
1012 2395 1134 2430 ofern
1169 2396 1228 2430 ein
1243 2377 1349 2431 Ubel
1375 2397 1444 2438 sei,
1477 2397 1531 2431 als
1564 2398 1615 2432 sie

871 2442 1105 2487 korperlicbe
1145 2442 1362 2478 Schmerzen
1402 2456 1464 2478 zur
1500 2444 1593 2489 Folg
1596 2456 1616 2479 e

871 2488 979 2524 habe.
1000 2490 1091 2524 Wie
1117 2489 1258 2524 verkeh
1270 2492 1303 2524 rt
1331 2490 1409 2524 dies
1429 2491 1490 2533 ist,
1522 2491 1618 2526 sieht

872 2547 959 2570 man
1003 2537 1153 2579 daraus,
1199 2536 1279 2571 dass
1318 2536 1461 2581 Epikur
1501 2538 1617 2573 selbst

872 2582 981 2617 keine
1008 2564 1230 2618 Schmeizen
1263 2583 1412 2627 treffen,
1445 2596 1553 2620 wenn
1579 2596 1617 2619 er

870 2629 1019 2674 behaup
1022 2632 1094 2675 tet,
1138 2630 1219 2664 dass
1251 2631 1316 2665 der
1347 2630 1518 2666 Schmerz
1551 2631 1616 2666 das

871 2642 1026 2711 hochstpe
1048 2659 1144 2712 Ubel
1169 2677 1233 2719 sei,
1260 2677 1341 2712 eine
1358 2678 1616 2722 Behauptung‚

873 2723 931 2757 die
959 2723 1053 2758 doch
1080 2724 1137 2758 fiir
1157 2725 1263 2759 einen
1283 2724 1460 2769 Philosop
1463 2725 1536 2759 hen
1554 2724 1615 2759 die

872 2769 1026 2804 hochste
1072 2771 1239 2805 Schande
1284 2770 1342 2805 ist.
1399 2770 1473 2806 Der
1514 2770 1615 2806 Witz

875 2815 1019 2851 Ciceros
1045 2817 1094 2851 ist
1120 2818 1205 2851 sehr
1231 2816 1395 2862 gesucht.

862 993 1024 1031 Virtutis
1059 993 1250 1044 magistri,
1283 991 1519 1043 philosophi,
1551 952 1682 1034 itt-215)
