<?xml version="1.0" encoding="UTF-8"?>
<!DOCTYPE html PUBLIC "-//W3C//DTD XHTML 1.0 Transitional//EN"
    "http://www.w3.org/TR/xhtml1/DTD/xhtml1-transitional.dtd">
<html xmlns="http://www.w3.org/1999/xhtml" xml:lang="en" lang="en">
 <head>
  <title>
</title>
<meta http-equiv="Content-Type" content="text/html;charset=utf-8" />
  <meta name='ocr-system' content='tesseract 3.04.00' />
  <meta name='ocr-capabilities' content='ocr_page ocr_carea ocr_par ocr_line ocrx_word'/>
</head>
<body>
  <div class='ocr_page' id='page_1' title='image "./tusculanarumdisp01ciceuoft_0183.png"; bbox 0 0 1790 3103; ppageno 0'>
   <div class='ocr_carea' id='block_1_1' title="bbox 268 92 1584 134">
    <p class='ocr_par' dir='ltr' id='par_1_1' title="bbox 268 92 1584 134">
     <span class='ocr_line' id='line_1_1' title="bbox 268 92 1584 134; baseline 0.004 -6"><span class='ocrx_word' id='word_1_1' title='bbox 268 92 663 129; x_wconf 82' lang='lat' dir='ltr'>TUSCULANARUM</span> <span class='ocrx_word' id='word_1_2' title='bbox 691 93 1096 129; x_wconf 87' lang='lat' dir='ltr'>DISPUTATIONUM.</span> <span class='ocrx_word' id='word_1_3' title='bbox 1126 94 1184 128; x_wconf 87' lang='lat'>111.</span> <span class='ocrx_word' id='word_1_4' title='bbox 1213 98 1360 129; x_wconf 75' lang='lat'>73—73.</span> <span class='ocrx_word' id='word_1_5' title='bbox 1527 94 1584 134; x_wconf 83' lang='lat'>43</span> 
     </span>
    </p>
   </div>
   <div class='ocr_carea' id='block_1_2' title="bbox 39 202 1585 545">
    <p class='ocr_par' dir='ltr' id='par_1_2' title="bbox 40 202 1585 430">
     <span class='ocr_line' id='line_1_2' title="bbox 41 202 1585 256; baseline -0.003 -11"><span class='ocrx_word' id='word_1_6' title='bbox 41 207 122 245; x_wconf 81' lang='lat' dir='ltr'>riae</span> <span class='ocrx_word' id='word_1_7' title='bbox 161 205 263 255; x_wconf 87' lang='lat' dir='ltr'>regis</span> <span class='ocrx_word' id='word_1_8' title='bbox 301 215 415 255; x_wconf 82' lang='lat' dir='ltr'>uxor,</span> <span class='ocrx_word' id='word_1_9' title='bbox 461 215 558 254; x_wconf 88' lang='lat' dir='ltr'>quae</span> <span class='ocrx_word' id='word_1_10' title='bbox 606 202 732 241; x_wconf 88' lang='lat' dir='ltr'>nobile</span> <span class='ocrx_word' id='word_1_11' title='bbox 778 202 871 240; x_wconf 91' lang='lat' dir='ltr'>illud</span> <span class='ocrx_word' id='word_1_12' title='bbox 910 202 1146 240; x_wconf 81' lang='lat' dir='ltr'>Halicarnasi</span> <span class='ocrx_word' id='word_1_13' title='bbox 1193 204 1283 242; x_wconf 78' lang='lat' dir='ltr'>fecit</span> <span class='ocrx_word' id='word_1_14' title='bbox 1321 203 1585 256; x_wconf 81' lang='lat' dir='ltr'><strong>sepulchrum,</strong></span> 
     </span>
     <span class='ocr_line' id='line_1_3' title="bbox 42 260 1583 315; baseline -0.001 -12"><span class='ocrx_word' id='word_1_15' title='bbox 42 275 156 315; x_wconf 87' lang='lat' dir='ltr'>quam</span> <span class='ocrx_word' id='word_1_16' title='bbox 189 262 254 301; x_wconf 88' lang='lat' dir='ltr'>diu</span> <span class='ocrx_word' id='word_1_17' title='bbox 287 263 391 314; x_wconf 82' lang='lat' dir='ltr'>vixit,</span> <span class='ocrx_word' id='word_1_18' title='bbox 424 263 516 300; x_wconf 83' lang='lat' dir='ltr'>vixit</span> <span class='ocrx_word' id='word_1_19' title='bbox 548 263 586 300; x_wconf 92' lang='lat' dir='ltr'>in</span> <span class='ocrx_word' id='word_1_20' title='bbox 620 261 738 313; x_wconf 81' lang='lat' dir='ltr'>luctu,</span> <span class='ocrx_word' id='word_1_21' title='bbox 771 260 984 311; x_wconf 87' lang='lat' dir='ltr'>eodemque</span> <span class='ocrx_word' id='word_1_22' title='bbox 1018 262 1132 299; x_wconf 89' lang='lat' dir='ltr'>etiam</span> <span class='ocrx_word' id='word_1_23' title='bbox 1165 262 1340 300; x_wconf 83' lang='lat' dir='ltr'>confecta</span> <span class='ocrx_word' id='word_1_24' title='bbox 1372 262 1583 301; x_wconf 89' lang='lat' dir='ltr'>contabuit.</span> 
     </span>
     <span class='ocr_line' id='line_1_4' title="bbox 40 315 1582 371; baseline -0.001 -11"><span class='ocrx_word' id='word_1_25' title='bbox 40 321 140 361; x_wconf 84' lang='lat' dir='ltr'>Huic</span> <span class='ocrx_word' id='word_1_26' title='bbox 171 326 253 359; x_wconf 91' lang='lat' dir='ltr'>erat</span> <span class='ocrx_word' id='word_1_27' title='bbox 284 320 346 359; x_wconf 89' lang='lat' dir='ltr'>illa</span> <span class='ocrx_word' id='word_1_28' title='bbox 378 321 508 371; x_wconf 90' lang='lat' dir='ltr'>opinio</span> <span class='ocrx_word' id='word_1_29' title='bbox 541 319 681 358; x_wconf 81' lang='lat' dir='ltr'>cotidie</span> <span class='ocrx_word' id='word_1_30' title='bbox 714 315 869 371; x_wconf 84' lang='lat' dir='ltr'>recens,</span> <span class='ocrx_word' id='word_1_31' title='bbox 902 331 999 370; x_wconf 86' lang='lat' dir='ltr'>quae</span> <span class='ocrx_word' id='word_1_32' title='bbox 1033 325 1114 357; x_wconf 90' lang='lat' dir='ltr'>tum</span> <span class='ocrx_word' id='word_1_33' title='bbox 1147 318 1313 369; x_wconf 85' lang='lat' dir='ltr'>denique</span> <span class='ocrx_word' id='word_1_34' title='bbox 1348 332 1423 358; x_wconf 89' lang='lat' dir='ltr'>non</span> <span class='ocrx_word' id='word_1_35' title='bbox 1456 320 1582 371; x_wconf 88' lang='lat' dir='ltr'>appel-</span> 
     </span>
     <span class='ocr_line' id='line_1_5' title="bbox 40 379 859 430; baseline -0.005 -10"><span class='ocrx_word' id='word_1_36' title='bbox 40 379 141 420; x_wconf 86' lang='lat' dir='ltr'>latur</span> <span class='ocrx_word' id='word_1_37' title='bbox 172 391 321 430; x_wconf 81' lang='lat' dir='ltr'>recens,</span> <span class='ocrx_word' id='word_1_38' title='bbox 354 390 443 417; x_wconf 89' lang='lat' dir='ltr'>cum</span> <span class='ocrx_word' id='word_1_39' title='bbox 475 384 664 417; x_wconf 89' lang='lat' dir='ltr'>vetustate</span> <span class='ocrx_word' id='word_1_40' title='bbox 697 379 859 416; x_wconf 83' lang='lat' dir='ltr'>exaruit.</span> 
     </span>
    </p>

    <p class='ocr_par' dir='ltr' id='par_1_3' title="bbox 39 434 1583 545">
     <span class='ocr_line' id='line_1_6' title="bbox 156 434 1583 488; baseline -0.001 -12"><span class='ocrx_word' id='word_1_41' title='bbox 156 437 258 476; x_wconf 87' lang='lat' dir='ltr'>Haec</span> <span class='ocrx_word' id='word_1_42' title='bbox 299 438 416 488; x_wconf 86' lang='lat' dir='ltr'>igitur</span> <span class='ocrx_word' id='word_1_43' title='bbox 463 437 588 476; x_wconf 77' lang='lat' dir='ltr'>officia</span> <span class='ocrx_word' id='word_1_44' title='bbox 635 442 726 475; x_wconf 87' lang='lat' dir='ltr'>sunt</span> <span class='ocrx_word' id='word_1_45' title='bbox 772 435 1073 486; x_wconf 85' lang='lat' dir='ltr'>consolantium,</span> <span class='ocrx_word' id='word_1_46' title='bbox 1124 434 1258 474; x_wconf 89' lang='lat' dir='ltr'>tollere</span> <span class='ocrx_word' id='word_1_47' title='bbox 1301 436 1583 485; x_wconf 78' lang='lat' dir='ltr'>aegritudinem</span> 
     </span>
     <span class='ocr_line' id='line_1_7' title="bbox 39 494 1582 545; baseline -0.002 -9"><span class='ocrx_word' id='word_1_48' title='bbox 39 497 214 536; x_wconf 82' lang='lat' dir='ltr'>funditus</span> <span class='ocrx_word' id='word_1_49' title='bbox 246 501 311 534; x_wconf 93' lang='lat' dir='ltr'>aut</span> <span class='ocrx_word' id='word_1_50' title='bbox 343 495 478 534; x_wconf 85' lang='lat' dir='ltr'>sedare</span> <span class='ocrx_word' id='word_1_51' title='bbox 512 501 578 534; x_wconf 90' lang='lat' dir='ltr'>aut</span> <span class='ocrx_word' id='word_1_52' title='bbox 609 494 814 533; x_wconf 83' lang='lat' dir='ltr'>detrahere</span> <span class='ocrx_word' id='word_1_53' title='bbox 847 506 961 544; x_wconf 90' lang='lat' dir='ltr'>quam</span> <span class='ocrx_word' id='word_1_54' title='bbox 995 494 1219 545; x_wconf 85' lang='lat' dir='ltr'>plurumum</span> <span class='ocrx_word' id='word_1_55' title='bbox 1245 500 1311 532; x_wconf 89' lang='lat' dir='ltr'>aut</span> <span class='ocrx_word' id='word_1_56' title='bbox 1337 496 1582 544; x_wconf 87' lang='lat' dir='ltr'>supprimere</span> 
     </span>
    </p>
   </div>
   <div class='ocr_carea' id='block_1_3' title="bbox 38 552 1165 606">
    <p class='ocr_par' dir='ltr' id='par_1_4' title="bbox 38 552 1165 606">
     <span class='ocr_line' id='line_1_8' title="bbox 38 552 1165 606; baseline -0.004 -11"><span class='ocrx_word' id='word_1_57' title='bbox 38 568 111 595; x_wconf 87' lang='lat' dir='ltr'>nec</span> <span class='ocrx_word' id='word_1_58' title='bbox 149 557 227 606; x_wconf 87' lang='lat' dir='ltr'>pati</span> <span class='ocrx_word' id='word_1_59' title='bbox 265 567 420 593; x_wconf 89' lang='lat' dir='ltr'>manare</span> <span class='ocrx_word' id='word_1_60' title='bbox 459 554 612 605; x_wconf 86' lang='lat' dir='ltr'>longius</span> <span class='ocrx_word' id='word_1_61' title='bbox 650 559 711 592; x_wconf 84' lang='lat' dir='ltr'>aut</span> <span class='ocrx_word' id='word_1_62' title='bbox 756 552 801 591; x_wconf 89' lang='lat' dir='ltr'>ad</span> <span class='ocrx_word' id='word_1_63' title='bbox 840 553 910 591; x_wconf 88' lang='lat' dir='ltr'>alia</span> <span class='ocrx_word' id='word_1_64' title='bbox 950 553 1165 591; x_wconf 83' lang='lat' dir='ltr'>traducere.</span> 
     </span>
    </p>
   </div>
   <div class='ocr_carea' id='block_1_4' title="bbox 35 610 1584 899">
    <p class='ocr_par' dir='ltr' id='par_1_5' title="bbox 35 610 1584 899">
     <span class='ocr_line' id='line_1_9' title="bbox 38 610 1582 663; baseline -0.003 -10"><span class='ocrx_word' id='word_1_65' title='bbox 38 614 210 653; x_wconf 84' lang='lat' dir='ltr'>officium</span> <span class='ocrx_word' id='word_1_66' title='bbox 242 613 479 652; x_wconf 83' lang='lat' dir='ltr'>consolantis</span> <span class='ocrx_word' id='word_1_67' title='bbox 511 618 660 663; x_wconf 85' lang='lat' dir='ltr'>putent,</span> <span class='ocrx_word' id='word_1_68' title='bbox 694 611 835 650; x_wconf 89' lang='lat' dir='ltr'>malum</span> <span class='ocrx_word' id='word_1_69' title='bbox 867 611 961 649; x_wconf 91' lang='lat' dir='ltr'>illud</span> <span class='ocrx_word' id='word_1_70' title='bbox 994 613 1151 650; x_wconf 89' lang='lat' dir='ltr'>omnino</span> <span class='ocrx_word' id='word_1_71' title='bbox 1186 623 1261 649; x_wconf 88' lang='lat' dir='ltr'>uon</span> <span class='ocrx_word' id='word_1_72' title='bbox 1295 623 1392 661; x_wconf 86' lang='lat' dir='ltr'>esse,</span> <span class='ocrx_word' id='word_1_73' title='bbox 1427 616 1468 649; x_wconf 89' lang='lat' dir='ltr'>ut</span> <span class='ocrx_word' id='word_1_74' title='bbox 1501 610 1582 649; x_wconf 88' lang='lat' dir='ltr'>Cle-</span> 
     </span>
     <span class='ocr_line' id='line_1_10' title="bbox 37 669 1584 723; baseline -0.003 -12"><span class='ocrx_word' id='word_1_75' title='bbox 37 672 146 712; x_wconf 87' lang='lat' dir='ltr'>anthi</span> <span class='ocrx_word' id='word_1_76' title='bbox 178 672 320 723; x_wconf 81' lang='lat' dir='ltr'>placet3</span> <span class='ocrx_word' id='word_1_77' title='bbox 362 677 453 710; x_wconf 91' lang='lat' dir='ltr'>sunt</span> <span class='ocrx_word' id='word_1_78' title='bbox 485 672 550 722; x_wconf 91' lang='lat' dir='ltr'>qui</span> <span class='ocrx_word' id='word_1_79' title='bbox 584 683 659 708; x_wconf 92' lang='lat' dir='ltr'>non</span> <span class='ocrx_word' id='word_1_80' title='bbox 693 682 874 720; x_wconf 86' lang='lat' dir='ltr'>magnum</span> <span class='ocrx_word' id='word_1_81' title='bbox 913 669 1072 721; x_wconf 86' lang='lat' dir='ltr'>malum,</span> <span class='ocrx_word' id='word_1_82' title='bbox 1117 677 1157 708; x_wconf 90' lang='lat' dir='ltr'>ut</span> <span class='ocrx_word' id='word_1_83' title='bbox 1190 669 1454 720; x_wconf 82' lang='lat' dir='ltr'>Peripatetici3</span> <span class='ocrx_word' id='word_1_84' title='bbox 1493 675 1584 708; x_wconf 87' lang='lat' dir='ltr'>sunt</span> 
     </span>
     <span class='ocr_line' id='line_1_11' title="bbox 39 728 1581 782; baseline -0.003 -12"><span class='ocrx_word' id='word_1_85' title='bbox 39 732 106 782; x_wconf 89' lang='lat' dir='ltr'>qui</span> <span class='ocrx_word' id='word_1_86' title='bbox 138 730 330 769; x_wconf 87' lang='lat' dir='ltr'>abducant</span> <span class='ocrx_word' id='word_1_87' title='bbox 361 742 380 768; x_wconf 90' lang='lat' dir='ltr'>a</span> <span class='ocrx_word' id='word_1_88' title='bbox 414 729 522 768; x_wconf 90' lang='lat' dir='ltr'>malis</span> <span class='ocrx_word' id='word_1_89' title='bbox 555 729 599 767; x_wconf 91' lang='lat' dir='ltr'>ad</span> <span class='ocrx_word' id='word_1_90' title='bbox 632 728 744 780; x_wconf 81' lang='lat' dir='ltr'>bona,</span> <span class='ocrx_word' id='word_1_91' title='bbox 779 735 819 767; x_wconf 90' lang='lat' dir='ltr'>ut</span> <span class='ocrx_word' id='word_1_92' title='bbox 851 728 1066 780; x_wconf 88' lang='lat' dir='ltr'>Epicurus;</span> <span class='ocrx_word' id='word_1_93' title='bbox 1099 734 1190 767; x_wconf 88' lang='lat' dir='ltr'>sunt</span> <span class='ocrx_word' id='word_1_94' title='bbox 1222 730 1287 778; x_wconf 87' lang='lat' dir='ltr'>qui</span> <span class='ocrx_word' id='word_1_95' title='bbox 1321 729 1412 766; x_wconf 85' lang='lat' dir='ltr'>satis</span> <span class='ocrx_word' id='word_1_96' title='bbox 1445 733 1581 779; x_wconf 86' lang='lat' dir='ltr'>putent</span> 
     </span>
     <span class='ocr_line' id='line_1_12' title="bbox 37 786 1582 839; baseline -0.003 -11"><span class='ocrx_word' id='word_1_97' title='bbox 37 788 243 828; x_wconf 85' lang='lat' dir='ltr'>ostendere</span> <span class='ocrx_word' id='word_1_98' title='bbox 271 788 366 827; x_wconf 88' lang='lat' dir='ltr'>nihil</span> <span class='ocrx_word' id='word_1_99' title='bbox 392 789 579 839; x_wconf 89' lang='lat' dir='ltr'>inopinati</span> <span class='ocrx_word' id='word_1_100' title='bbox 605 787 804 838; x_wconf 84' lang='lat' dir='ltr'>accidisse,</span> <span class='ocrx_word' id='word_1_101' title='bbox 833 793 877 825; x_wconf 78' lang='lat' dir='ltr'>ut</span> <span class='ocrx_word' id='word_1_102' title='bbox 908 788 1130 837; x_wconf 75' lang='lat' dir='ltr'>Cyrenaici.</span> <span class='ocrx_word' id='word_1_103' title='bbox 1188 786 1427 837; x_wconf 70' lang='lat' dir='ltr'>Chrysippus</span> <span class='ocrx_word' id='word_1_104' title='bbox 1453 792 1582 825; x_wconf 90' lang='lat' dir='ltr'>autem</span> 
     </span>
     <span class='ocr_line' id='line_1_13' title="bbox 35 845 1582 899; baseline -0.003 -13"><span class='ocrx_word' id='word_1_105' title='bbox 35 851 154 899; x_wconf 84' lang='lat' dir='ltr'>caput</span> <span class='ocrx_word' id='word_1_106' title='bbox 191 859 275 886; x_wconf 88' lang='lat' dir='ltr'>esse</span> <span class='ocrx_word' id='word_1_107' title='bbox 315 852 449 885; x_wconf 88' lang='lat' dir='ltr'>censet</span> <span class='ocrx_word' id='word_1_108' title='bbox 486 848 524 884; x_wconf 93' lang='lat' dir='ltr'>in</span> <span class='ocrx_word' id='word_1_109' title='bbox 563 845 797 884; x_wconf 90' lang='lat' dir='ltr'>consolando</span> <span class='ocrx_word' id='word_1_110' title='bbox 837 845 1040 884; x_wconf 88' lang='lat' dir='ltr'>detrahere</span> <span class='ocrx_word' id='word_1_111' title='bbox 1080 845 1181 884; x_wconf 89' lang='lat' dir='ltr'>illam</span> <span class='ocrx_word' id='word_1_112' title='bbox 1220 846 1442 896; x_wconf 87' lang='lat' dir='ltr'>opinionem</span> <span class='ocrx_word' id='word_1_113' title='bbox 1481 857 1582 883; x_wconf 88' lang='lat' dir='ltr'>mae-</span> 
     </span>
    </p>
   </div>
   <div class='ocr_carea' id='block_1_5' title="bbox 37 904 1185 957">
    <p class='ocr_par' dir='ltr' id='par_1_6' title="bbox 37 904 1185 957">
     <span class='ocr_line' id='line_1_14' title="bbox 37 904 1185 957; baseline -0.003 -12"><span class='ocrx_word' id='word_1_114' title='bbox 37 907 151 957; x_wconf 82' lang='lat' dir='ltr'>renti,</span> <span class='ocrx_word' id='word_1_115' title='bbox 183 907 216 944; x_wconf 94' lang='lat' dir='ltr'>si</span> <span class='ocrx_word' id='word_1_116' title='bbox 247 917 288 945; x_wconf 89' lang='lat' dir='ltr'>se</span> <span class='ocrx_word' id='word_1_117' title='bbox 321 905 447 943; x_wconf 84' lang='lat' dir='ltr'>officio</span> <span class='ocrx_word' id='word_1_118' title='bbox 481 905 588 955; x_wconf 80' lang='lat' dir='ltr'>fungi</span> <span class='ocrx_word' id='word_1_119' title='bbox 620 910 731 955; x_wconf 90' lang='lat' dir='ltr'>putet</span> <span class='ocrx_word' id='word_1_120' title='bbox 763 905 865 943; x_wconf 87' lang='lat' dir='ltr'>iusto</span> <span class='ocrx_word' id='word_1_121' title='bbox 898 910 1012 956; x_wconf 88' lang='lat' dir='ltr'>atque</span> <span class='ocrx_word' id='word_1_122' title='bbox 1044 904 1185 943; x_wconf 86' lang='lat' dir='ltr'>debito.</span> 
     </span>
    </p>
   </div>
   <div class='ocr_carea' id='block_1_6' title="bbox 1249 903 1584 954">
    <p class='ocr_par' dir='ltr' id='par_1_7' title="bbox 1249 903 1584 954">
     <span class='ocr_line' id='line_1_15' title="bbox 1249 903 1584 954; baseline 0 -13"><span class='ocrx_word' id='word_1_123' title='bbox 1249 903 1348 942; x_wconf 88' lang='lat' dir='ltr'>Sunt</span> <span class='ocrx_word' id='word_1_124' title='bbox 1375 905 1489 942; x_wconf 90' lang='lat' dir='ltr'>etiam</span> <span class='ocrx_word' id='word_1_125' title='bbox 1518 905 1584 954; x_wconf 90' lang='lat' dir='ltr'>qui</span> 
     </span>
    </p>
   </div>
   <div class='ocr_carea' id='block_1_7' title="bbox 35 961 1582 1062">
    <p class='ocr_par' dir='ltr' id='par_1_8' title="bbox 35 961 1582 1062">
     <span class='ocr_line' id='line_1_16' title="bbox 36 961 1582 1015; baseline -0.002 -12"><span class='ocrx_word' id='word_1_126' title='bbox 36 964 131 1004; x_wconf 88' lang='lat' dir='ltr'>haec</span> <span class='ocrx_word' id='word_1_127' title='bbox 163 966 289 1003; x_wconf 90' lang='lat' dir='ltr'>omnia</span> <span class='ocrx_word' id='word_1_128' title='bbox 329 975 485 1015; x_wconf 82' lang='lat' dir='ltr'>genera·</span> <span class='ocrx_word' id='word_1_129' title='bbox 509 963 733 1002; x_wconf 89' lang='lat' dir='ltr'>consolandi</span> <span class='ocrx_word' id='word_1_130' title='bbox 772 963 966 1014; x_wconf 84' lang='lat' dir='ltr'>conligant</span> <span class='ocrx_word' id='word_1_131' title='bbox 1002 985 1049 990; x_wconf 90' lang='lat'><strong>—</strong></span> <span class='ocrx_word' id='word_1_132' title='bbox 1085 962 1182 1001; x_wconf 89' lang='lat' dir='ltr'>alius</span> <span class='ocrx_word' id='word_1_133' title='bbox 1221 963 1322 1000; x_wconf 90' lang='lat' dir='ltr'>enim</span> <span class='ocrx_word' id='word_1_134' title='bbox 1363 961 1435 1000; x_wconf 92' lang='lat' dir='ltr'>alio</span> <span class='ocrx_word' id='word_1_135' title='bbox 1469 962 1582 1000; x_wconf 89' lang='lat' dir='ltr'>modo</span> 
     </span>
     <span class='ocr_line' id='line_1_17' title="bbox 35 1020 1582 1062; baseline -0.002 0"><span class='ocrx_word' id='word_1_136' title='bbox 35 1029 213 1062; x_wconf 90' lang='lat' dir='ltr'>movetur</span> <span class='ocrx_word' id='word_1_137' title='bbox 245 1044 299 1049; x_wconf 93' lang='lat'><strong>—</strong></span> <span class='ocrx_word' id='word_1_138' title='bbox 356 1029 399 1061; x_wconf 90' lang='lat' dir='ltr'>ut</span> <span class='ocrx_word' id='word_1_139' title='bbox 437 1022 517 1061; x_wconf 80' lang='lat' dir='ltr'>sere</span> <span class='ocrx_word' id='word_1_140' title='bbox 556 1033 626 1060; x_wconf 91' lang='lat' dir='ltr'>nos</span> <span class='ocrx_word' id='word_1_141' title='bbox 666 1023 704 1060; x_wconf 92' lang='lat' dir='ltr'>in</span> <span class='ocrx_word' id='word_1_142' title='bbox 738 1021 1009 1061; x_wconf 86' lang='lat' dir='ltr'>Consolatione</span> <span class='ocrx_word' id='word_1_143' title='bbox 1046 1022 1174 1060; x_wconf 84' lang='lat' dir='ltr'>omnia</span> <span class='ocrx_word' id='word_1_144' title='bbox 1206 1022 1244 1060; x_wconf 90' lang='lat' dir='ltr'>in</span> <span class='ocrx_word' id='word_1_145' title='bbox 1278 1020 1582 1059; x_wconf 87' lang='lat' dir='ltr'>consolationem</span> 
     </span>
    </p>
   </div>
   <div class='ocr_carea' id='block_1_8' title="bbox 307 1055 318 1075">
    <p class='ocr_par' dir='ltr' id='par_1_9' title="bbox 307 1055 318 1075">
     <span class='ocr_line' id='line_1_18' title="bbox 307 1055 318 1075; baseline 0 0"><span class='ocrx_word' id='word_1_146' title='bbox 307 1055 318 1075; x_wconf 85' lang='lat'><strong><em>7</em></strong></span> 
     </span>
    </p>
   </div>
   <div class='ocr_carea' id='block_1_9' title="bbox 35 1081 1582 1132">
    <p class='ocr_par' dir='ltr' id='par_1_10' title="bbox 35 1081 1582 1132">
     <span class='ocr_line' id='line_1_19' title="bbox 35 1081 1582 1132; baseline -0.001 -12"><span class='ocrx_word' id='word_1_147' title='bbox 35 1093 151 1121; x_wconf 87' lang='lat' dir='ltr'>unam</span> <span class='ocrx_word' id='word_1_148' title='bbox 191 1083 446 1132; x_wconf 83' lang='lat' dir='ltr'>coniecimus3</span> <span class='ocrx_word' id='word_1_149' title='bbox 492 1086 574 1119; x_wconf 81' lang='lat' dir='ltr'>erat</span> <span class='ocrx_word' id='word_1_150' title='bbox 611 1081 715 1118; x_wconf 93' lang='lat' dir='ltr'>enim</span> <span class='ocrx_word' id='word_1_151' title='bbox 760 1082 798 1118; x_wconf 92' lang='lat' dir='ltr'>in</span> <span class='ocrx_word' id='word_1_152' title='bbox 838 1086 988 1119; x_wconf 87' lang='lat' dir='ltr'>tumore</span> <span class='ocrx_word' id='word_1_153' title='bbox 1028 1083 1180 1119; x_wconf 89' lang='lat' dir='ltr'>animus</span> <span class='ocrx_word' id='word_1_154' title='bbox 1219 1086 1257 1118; x_wconf 90' lang='lat' dir='ltr'>et</span> <span class='ocrx_word' id='word_1_155' title='bbox 1294 1081 1419 1118; x_wconf 91' lang='lat' dir='ltr'>omnis</span> <span class='ocrx_word' id='word_1_156' title='bbox 1459 1081 1497 1118; x_wconf 92' lang='lat' dir='ltr'>in</span> <span class='ocrx_word' id='word_1_157' title='bbox 1536 1092 1582 1118; x_wconf 91' lang='lat' dir='ltr'>eo</span> 
     </span>
    </p>
   </div>
   <div class='ocr_carea' id='block_1_10' title="bbox 36 1139 499 1191">
    <p class='ocr_par' dir='ltr' id='par_1_11' title="bbox 36 1139 499 1191">
     <span class='ocr_line' id='line_1_20' title="bbox 36 1139 499 1191; baseline -0.004 -12"><span class='ocrx_word' id='word_1_158' title='bbox 36 1139 297 1191; x_wconf 85' lang='lat' dir='ltr'>temptabatur</span> <span class='ocrx_word' id='word_1_159' title='bbox 337 1141 499 1178; x_wconf 89' lang='lat' dir='ltr'>curatio.</span> 
     </span>
    </p>
   </div>
   <div class='ocr_carea' id='block_1_11' title="bbox 562 1138 1581 1190">
    <p class='ocr_par' dir='ltr' id='par_1_12' title="bbox 562 1138 1581 1190">
     <span class='ocr_line' id='line_1_21' title="bbox 562 1138 1581 1190; baseline -0.001 -13"><span class='ocrx_word' id='word_1_160' title='bbox 562 1138 636 1177; x_wconf 89' lang='lat' dir='ltr'>Sed</span> <span class='ocrx_word' id='word_1_161' title='bbox 679 1139 913 1178; x_wconf 89' lang='lat' dir='ltr'>sumendum</span> <span class='ocrx_word' id='word_1_162' title='bbox 955 1145 1108 1190; x_wconf 87' lang='lat' dir='ltr'>tempus</span> <span class='ocrx_word' id='word_1_163' title='bbox 1154 1144 1213 1176; x_wconf 91' lang='lat' dir='ltr'>est</span> <span class='ocrx_word' id='word_1_164' title='bbox 1254 1150 1330 1176; x_wconf 89' lang='lat' dir='ltr'>non</span> <span class='ocrx_word' id='word_1_165' title='bbox 1374 1139 1501 1176; x_wconf 89' lang='lat' dir='ltr'>minus</span> <span class='ocrx_word' id='word_1_166' title='bbox 1542 1140 1581 1177; x_wconf 92' lang='lat' dir='ltr'>in</span> 
     </span>
    </p>
   </div>
   <div class='ocr_carea' id='block_1_12' title="bbox 34 1196 1581 1249">
    <p class='ocr_par' dir='ltr' id='par_1_13' title="bbox 34 1196 1581 1249">
     <span class='ocr_line' id='line_1_22' title="bbox 34 1196 1581 1249; baseline -0.002 -12"><span class='ocrx_word' id='word_1_167' title='bbox 34 1200 252 1237; x_wconf 86' lang='lat' dir='ltr'>animorum</span> <span class='ocrx_word' id='word_1_168' title='bbox 287 1197 432 1236; x_wconf 88' lang='lat' dir='ltr'>morbis</span> <span class='ocrx_word' id='word_1_169' title='bbox 466 1210 580 1248; x_wconf 89' lang='lat' dir='ltr'>quam</span> <span class='ocrx_word' id='word_1_170' title='bbox 612 1199 650 1235; x_wconf 94' lang='lat' dir='ltr'>in</span> <span class='ocrx_word' id='word_1_171' title='bbox 684 1209 910 1249; x_wconf 85' lang='lat' dir='ltr'>corporum,</span> <span class='ocrx_word' id='word_1_172' title='bbox 944 1203 986 1236; x_wconf 86' lang='lat' dir='ltr'>ut</span> <span class='ocrx_word' id='word_1_173' title='bbox 1013 1196 1270 1236; x_wconf 83' lang='lat' dir='ltr'>Prometheus</span> <span class='ocrx_word' id='word_1_174' title='bbox 1302 1196 1364 1234; x_wconf 90' lang='lat' dir='ltr'>ille</span> <span class='ocrx_word' id='word_1_175' title='bbox 1391 1196 1581 1248; x_wconf 70' lang='lat' dir='ltr'>Aeschyli,</span> 
     </span>
    </p>
   </div>
   <div class='ocr_carea' id='block_1_13' title="bbox 33 1256 532 1296">
    <p class='ocr_par' dir='ltr' id='par_1_14' title="bbox 33 1256 532 1296">
     <span class='ocr_line' id='line_1_23' title="bbox 33 1256 532 1296; baseline -0.004 0"><span class='ocrx_word' id='word_1_176' title='bbox 33 1258 95 1296; x_wconf 87' lang='lat' dir='ltr'>cui</span> <span class='ocrx_word' id='word_1_177' title='bbox 128 1269 217 1296; x_wconf 90' lang='lat' dir='ltr'>cum</span> <span class='ocrx_word' id='word_1_178' title='bbox 250 1256 396 1295; x_wconf 89' lang='lat' dir='ltr'>dictum</span> <span class='ocrx_word' id='word_1_179' title='bbox 429 1262 532 1295; x_wconf 88' lang='lat' dir='ltr'>esset</span> 
     </span>
    </p>
   </div>
   <div class='ocr_carea' id='block_1_14' title="bbox 311 1336 1293 1448">
    <p class='ocr_par' dir='ltr' id='par_1_15' title="bbox 311 1336 1293 1448">
     <span class='ocr_line' id='line_1_24' title="bbox 313 1336 1293 1386; baseline 0.002 -10"><span class='ocrx_word' id='word_1_180' title='bbox 313 1336 442 1386; x_wconf 76' lang='lat' dir='ltr'>Atqui,</span> <span class='ocrx_word' id='word_1_181' title='bbox 477 1339 725 1385; x_wconf 68' lang='lat' dir='ltr'>Promethea,</span> <span class='ocrx_word' id='word_1_182' title='bbox 759 1344 795 1377; x_wconf 82' lang='lat' dir='ltr'>te</span> <span class='ocrx_word' id='word_1_183' title='bbox 826 1338 901 1377; x_wconf 75' lang='grc' dir='ltr'>Ιιόσ</span> <span class='ocrx_word' id='word_1_184' title='bbox 933 1343 1069 1378; x_wconf 79' lang='lat' dir='ltr'>tenere</span> <span class='ocrx_word' id='word_1_185' title='bbox 1100 1337 1293 1386; x_wconf 72' lang='lat' dir='ltr'>existimo,</span> 
     </span>
     <span class='ocr_line' id='line_1_25' title="bbox 311 1395 1142 1448; baseline 0.002 -14"><span class='ocrx_word' id='word_1_186' title='bbox 311 1396 464 1436; x_wconf 75' lang='lat' dir='ltr'>mederi</span> <span class='ocrx_word' id='word_1_187' title='bbox 489 1408 604 1446; x_wconf 76' lang='lat' dir='ltr'>posse</span> <span class='ocrx_word' id='word_1_188' title='bbox 635 1395 856 1437; x_wconf 68' lang='lat' dir='ltr'>orationem</span> <span class='ocrx_word' id='word_1_189' title='bbox 889 1396 1142 1448; x_wconf 70' lang='lat' dir='ltr'>iracundiae,</span> 
     </span>
    </p>
   </div>
   <div class='ocr_carea' id='block_1_15' title="bbox 31 1467 248 1518">
    <p class='ocr_par' dir='ltr' id='par_1_16' title="bbox 31 1467 248 1518">
     <span class='ocr_line' id='line_1_26' title="bbox 31 1467 248 1518; baseline 0 -12"><span class='ocrx_word' id='word_1_190' title='bbox 31 1467 248 1518; x_wconf 88' lang='lat' dir='ltr'>respondit:</span> 
     </span>
    </p>
   </div>
   <div class='ocr_carea' id='block_1_16' title="bbox 230 1548 1385 1657">
    <p class='ocr_par' dir='ltr' id='par_1_17' title="bbox 230 1548 1385 1657">
     <span class='ocr_line' id='line_1_27' title="bbox 231 1548 1385 1598; baseline -0.001 -9"><span class='ocrx_word' id='word_1_191' title='bbox 231 1550 277 1589; x_wconf 83' lang='lat' dir='ltr'>Si</span> <span class='ocrx_word' id='word_1_192' title='bbox 305 1549 461 1598; x_wconf 72' lang='lat' dir='ltr'>quidem</span> <span class='ocrx_word' id='word_1_193' title='bbox 494 1551 563 1597; x_wconf 79' lang='lat' dir='ltr'>qui</span> <span class='ocrx_word' id='word_1_194' title='bbox 593 1548 859 1598; x_wconf 72' lang='lat' dir='ltr'>tempestivam</span> <span class='ocrx_word' id='word_1_195' title='bbox 891 1552 1130 1590; x_wconf 74' lang='lat' dir='ltr'>medicinam</span> <span class='ocrx_word' id='word_1_196' title='bbox 1163 1550 1385 1597; x_wconf 69' lang='lat' dir='ltr'>admovens,</span> 
     </span>
     <span class='ocr_line' id='line_1_28' title="bbox 230 1608 1141 1657; baseline 0.001 -10"><span class='ocrx_word' id='word_1_197' title='bbox 230 1621 305 1647; x_wconf 78' lang='lat' dir='ltr'>non</span> <span class='ocrx_word' id='word_1_198' title='bbox 341 1608 636 1657; x_wconf 56' lang='lat' dir='ltr'>cidaraz‘eseens</span> <span class='ocrx_word' id='word_1_199' title='bbox 668 1608 803 1647; x_wconf 73' lang='lat' dir='ltr'>volnus</span> <span class='ocrx_word' id='word_1_200' title='bbox 837 1608 979 1647; x_wconf 67' lang='lat' dir='ltr'>inlidat</span> <span class='ocrx_word' id='word_1_201' title='bbox 1011 1621 1141 1648; x_wconf 73' lang='lat' dir='ltr'>mmm.</span> 
     </span>
    </p>
   </div>
   <div class='ocr_carea' id='block_1_17' title="bbox 0 1767 769 2891">
    <p class='ocr_par' dir='ltr' id='par_1_18' title="bbox 30 1767 769 1954">
     <span class='ocr_line' id='line_1_29' title="bbox 31 1767 769 1813; baseline -0.005 -9"><span class='ocrx_word' id='word_1_202' title='bbox 31 1768 262 1804; x_wconf 85' lang='lat' dir='ltr'>Mausoleum</span> <span class='ocrx_word' id='word_1_203' title='bbox 293 1767 448 1813; x_wconf 73' lang='lat' dir='ltr'>gehorte</span> <span class='ocrx_word' id='word_1_204' title='bbox 481 1779 523 1801; x_wconf 89' lang='lat' dir='ltr'>zu</span> <span class='ocrx_word' id='word_1_205' title='bbox 555 1767 625 1801; x_wconf 88' lang='lat' dir='ltr'>den</span> <span class='ocrx_word' id='word_1_206' title='bbox 657 1767 769 1801; x_wconf 88' lang='lat' dir='ltr'>Wun-</span> 
     </span>
     <span class='ocr_line' id='line_1_30' title="bbox 33 1814 769 1856; baseline -0.005 -5"><span class='ocrx_word' id='word_1_207' title='bbox 33 1815 247 1851; x_wconf 85' lang='lat' dir='ltr'>derwerken</span> <span class='ocrx_word' id='word_1_208' title='bbox 273 1815 337 1850; x_wconf 89' lang='lat' dir='ltr'>der</span> <span class='ocrx_word' id='word_1_209' title='bbox 363 1815 463 1850; x_wconf 81' lang='lat' dir='ltr'>alten</span> <span class='ocrx_word' id='word_1_210' title='bbox 491 1814 608 1856; x_wconf 79' lang='lat' dir='ltr'>Welt3</span> <span class='ocrx_word' id='word_1_211' title='bbox 635 1814 769 1848; x_wconf 90' lang='lat' dir='ltr'>bedeu-</span> 
     </span>
     <span class='ocr_line' id='line_1_31' title="bbox 30 1860 769 1906; baseline -0.003 -8"><span class='ocrx_word' id='word_1_212' title='bbox 30 1863 140 1898; x_wconf 75' lang='lat' dir='ltr'>tende</span> <span class='ocrx_word' id='word_1_213' title='bbox 166 1862 269 1897; x_wconf 90' lang='lat' dir='ltr'>Teile</span> <span class='ocrx_word' id='word_1_214' title='bbox 301 1862 422 1897; x_wconf 87' lang='lat' dir='ltr'>davon</span> <span class='ocrx_word' id='word_1_215' title='bbox 453 1861 536 1896; x_wconf 81' lang='lat' dir='ltr'>sind</span> <span class='ocrx_word' id='word_1_216' title='bbox 563 1860 656 1906; x_wconf 65' lang='lat' dir='ltr'>jeiz‘c</span> <span class='ocrx_word' id='word_1_217' title='bbox 687 1861 769 1896; x_wconf 87' lang='lat' dir='ltr'>wie-</span> 
     </span>
     <span class='ocr_line' id='line_1_32' title="bbox 33 1908 380 1954; baseline -0.006 -9"><span class='ocrx_word' id='word_1_218' title='bbox 33 1909 97 1945; x_wconf 85' lang='lat' dir='ltr'>der</span> <span class='ocrx_word' id='word_1_219' title='bbox 123 1908 380 1954; x_wconf 85' lang='lat' dir='ltr'>aufgefunden.</span> 
     </span>
    </p>

    <p class='ocr_par' dir='ltr' id='par_1_19' title="bbox 0 1955 769 2518">
     <span class='ocr_line' id='line_1_33' title="bbox 77 1955 769 2002; baseline -0.004 -10"><span class='ocrx_word' id='word_1_220' title='bbox 77 1957 197 1992; x_wconf 80' lang='lat' dir='ltr'>tollere</span> <span class='ocrx_word' id='word_1_221' title='bbox 222 1956 494 2002; x_wconf 77' lang='lat' dir='ltr'>aeyritudinem,</span> <span class='ocrx_word' id='word_1_222' title='bbox 520 1959 596 1998; x_wconf 81' lang='lat' dir='ltr'>aut,</span> <span class='ocrx_word' id='word_1_223' title='bbox 625 1956 690 1990; x_wconf 87' lang='lat' dir='ltr'>das</span> <span class='ocrx_word' id='word_1_224' title='bbox 710 1955 769 1990; x_wconf 89' lang='lat' dir='ltr'>bei</span> 
     </span>
     <span class='ocr_line' id='line_1_34' title="bbox 29 2002 768 2049; baseline -0.004 -10"><span class='ocrx_word' id='word_1_225' title='bbox 29 2002 207 2049; x_wconf 65' lang='lat' dir='ltr'>l&#39;fimgeren</span> <span class='ocrx_word' id='word_1_226' title='bbox 233 2002 512 2048; x_wconf 66' lang='lat' dir='ltr'>Aufzuhlungen</span> <span class='ocrx_word' id='word_1_227' title='bbox 539 2002 649 2037; x_wconf 73' lang='lat' dir='ltr'>meist</span> <span class='ocrx_word' id='word_1_228' title='bbox 675 2002 768 2037; x_wconf 84' lang='lat' dir='ltr'>auch</span> 
     </span>
     <span class='ocr_line' id='line_1_35' title="bbox 30 2048 768 2094; baseline -0.005 -8"><span class='ocrx_word' id='word_1_229' title='bbox 30 2050 92 2086; x_wconf 92' lang='lat' dir='ltr'>bei</span> <span class='ocrx_word' id='word_1_230' title='bbox 117 2050 200 2085; x_wconf 91' lang='lat' dir='ltr'>dem</span> <span class='ocrx_word' id='word_1_231' title='bbox 226 2050 347 2085; x_wconf 75' lang='lat' dir='ltr'>ersten</span> <span class='ocrx_word' id='word_1_232' title='bbox 372 2048 500 2084; x_wconf 87' lang='lat' dir='ltr'>Gliede</span> <span class='ocrx_word' id='word_1_233' title='bbox 526 2048 768 2094; x_wconf 68' lang='lat' dir='ltr'>hinzugefi&#39;igt</span> 
     </span>
     <span class='ocr_line' id='line_1_36' title="bbox 29 2096 767 2140; baseline -0.003 -8"><span class='ocrx_word' id='word_1_234' title='bbox 29 2097 139 2140; x_wconf 83' lang='lat' dir='ltr'>wird,</span> <span class='ocrx_word' id='word_1_235' title='bbox 175 2097 274 2132; x_wconf 67' lang='lat' dir='ltr'>fehlt</span> <span class='ocrx_word' id='word_1_236' title='bbox 306 2096 403 2140; x_wconf 85' lang='lat' dir='ltr'>hier,</span> <span class='ocrx_word' id='word_1_237' title='bbox 448 2096 532 2131; x_wconf 84' lang='lat' dir='ltr'>weil</span> <span class='ocrx_word' id='word_1_238' title='bbox 571 2096 635 2130; x_wconf 82' lang='lat' dir='ltr'>das</span> <span class='ocrx_word' id='word_1_239' title='bbox 673 2098 767 2130; x_wconf 80' lang='lat' dir='ltr'>erste</span> 
     </span>
     <span class='ocr_line' id='line_1_37' title="bbox 29 2143 767 2188; baseline -0.003 -9"><span class='ocrx_word' id='word_1_240' title='bbox 29 2143 139 2180; x_wconf 83' lang='lat' dir='ltr'>Glied</span> <span class='ocrx_word' id='word_1_241' title='bbox 160 2144 214 2178; x_wconf 83' lang='lat' dir='ltr'>als</span> <span class='ocrx_word' id='word_1_242' title='bbox 235 2143 299 2178; x_wconf 83' lang='lat' dir='ltr'>das</span> <span class='ocrx_word' id='word_1_243' title='bbox 312 2143 520 2188; x_wconf 74' lang='lat' dir='ltr'>wiehtigste</span> <span class='ocrx_word' id='word_1_244' title='bbox 541 2143 615 2177; x_wconf 89' lang='lat' dir='ltr'>und</span> <span class='ocrx_word' id='word_1_245' title='bbox 628 2143 767 2188; x_wconf 73' lang='lat' dir='ltr'>grosste</span> 
     </span>
     <span class='ocr_line' id='line_1_38' title="bbox 29 2190 767 2235; baseline -0.003 -9"><span class='ocrx_word' id='word_1_246' title='bbox 29 2190 100 2226; x_wconf 91' lang='lat' dir='ltr'>den</span> <span class='ocrx_word' id='word_1_247' title='bbox 119 2190 316 2235; x_wconf 87' lang='lat' dir='ltr'>folgenden</span> <span class='ocrx_word' id='word_1_248' title='bbox 328 2191 654 2235; x_wconf 73' lang='lat' dir='ltr'>entgegengesetzt</span> <span class='ocrx_word' id='word_1_249' title='bbox 666 2190 767 2224; x_wconf 88' lang='lat' dir='ltr'>wird.</span> 
     </span>
     <span class='ocr_line' id='line_1_39' title="bbox 30 2236 768 2273; baseline -0.001 -2"><span class='ocrx_word' id='word_1_250' title='bbox 30 2236 105 2273; x_wconf 77' lang='lat' dir='ltr'>Das</span> <span class='ocrx_word' id='word_1_251' title='bbox 132 2239 228 2272; x_wconf 78' lang='lat' dir='ltr'>erste</span> <span class='ocrx_word' id='word_1_252' title='bbox 248 2241 313 2272; x_wconf 85' lang='lat' dir='ltr'>aut</span> <span class='ocrx_word' id='word_1_253' title='bbox 331 2238 380 2272; x_wconf 71' lang='lat' dir='ltr'>ist</span> <span class='ocrx_word' id='word_1_254' title='bbox 399 2236 553 2271; x_wconf 85' lang='lat' dir='ltr'>deshalb</span> <span class='ocrx_word' id='word_1_255' title='bbox 572 2237 641 2271; x_wconf 81' lang='lat' dir='ltr'>mil:</span> <span class='ocrx_word' id='word_1_256' title='bbox 665 2237 768 2271; x_wconf 85' lang='lat' dir='ltr'>‘oder</span> 
     </span>
     <span class='ocr_line' id='line_1_40' title="bbox 30 2284 590 2330; baseline 0 -11"><span class='ocrx_word' id='word_1_257' title='bbox 30 2284 267 2330; x_wconf 72' lang='lat' dir='ltr'>wenigstens’</span> <span class='ocrx_word' id='word_1_258' title='bbox 296 2296 340 2318; x_wconf 90' lang='lat' dir='ltr'>zu</span> <span class='ocrx_word' id='word_1_259' title='bbox 364 2284 590 2319; x_wconf 67' lang='lat' dir='ltr'>ubersetzen.</span> 
     </span>
     <span class='ocr_line' id='line_1_41' title="bbox 31 2331 766 2374; baseline -0.004 -7"><span class='ocrx_word' id='word_1_260' title='bbox 31 2346 33 2348; x_wconf 87' lang='lat'>·</span> <span class='ocrx_word' id='word_1_261' title='bbox 79 2335 132 2367; x_wconf 80' lang='lat'>76.</span> <span class='ocrx_word' id='word_1_262' title='bbox 159 2331 318 2374; x_wconf 75' lang='lat' dir='ltr'>officium</span> <span class='ocrx_word' id='word_1_263' title='bbox 343 2331 559 2366; x_wconf 75' lang='lat' dir='ltr'>consolantis</span> <span class='ocrx_word' id='word_1_264' title='bbox 572 2333 703 2374; x_wconf 73' lang='lat' dir='ltr'>putent</span> <span class='ocrx_word' id='word_1_265' title='bbox 724 2350 766 2355; x_wconf 88' lang='lat'>—</span> 
     </span>
     <span class='ocr_line' id='line_1_42' title="bbox 30 2376 767 2423; baseline -0.003 -10"><span class='ocrx_word' id='word_1_266' title='bbox 30 2388 116 2421; x_wconf 78' lang='lat' dir='ltr'>esse,</span> <span class='ocrx_word' id='word_1_267' title='bbox 151 2378 211 2413; x_wconf 89' lang='lat' dir='ltr'>ein</span> <span class='ocrx_word' id='word_1_268' title='bbox 242 2379 465 2423; x_wconf 64' lang='lat' dir='ltr'>pragnanter</span> <span class='ocrx_word' id='word_1_269' title='bbox 490 2376 683 2411; x_wconf 87' lang='lat' dir='ltr'>Ausdruck</span> <span class='ocrx_word' id='word_1_270' title='bbox 708 2376 767 2411; x_wconf 77' lang='lat' dir='ltr'>fiir</span> 
     </span>
     <span class='ocr_line' id='line_1_43' title="bbox 30 2423 765 2470; baseline -0.004 -10"><span class='ocrx_word' id='word_1_271' title='bbox 30 2425 90 2469; x_wconf 81' lang='lat' dir='ltr'>off.</span> <span class='ocrx_word' id='word_1_272' title='bbox 123 2428 253 2470; x_wconf 74' lang='lat' dir='ltr'>putent</span> <span class='ocrx_word' id='word_1_273' title='bbox 290 2426 442 2460; x_wconf 83' lang='lat' dir='ltr'>docere</span> <span class='ocrx_word' id='word_1_274' title='bbox 478 2444 520 2449; x_wconf 92' lang='lat'>—</span> <span class='ocrx_word' id='word_1_275' title='bbox 552 2435 631 2459; x_wconf 84' lang='lat' dir='ltr'>esse.</span> <span class='ocrx_word' id='word_1_276' title='bbox 682 2423 765 2468; x_wconf 88' lang='lat' dir='ltr'>Vgl.</span> 
     </span>
     <span class='ocr_line' id='line_1_44' title="bbox 0 2472 766 2518; baseline -0.001 -12"><span class='ocrx_word' id='word_1_277' title='bbox 0 2515 1 2518; x_wconf 11' lang='grc' dir='ltr'><strong>Ἰ</strong></span> <span class='ocrx_word' id='word_1_278' title='bbox 31 2474 95 2515; x_wconf 83' lang='grc'>30,</span> <span class='ocrx_word' id='word_1_279' title='bbox 123 2475 166 2507; x_wconf 85' lang='grc'>’13</span> <span class='ocrx_word' id='word_1_280' title='bbox 191 2482 287 2507; x_wconf 78' lang='lat' dir='ltr'>mmo</span> <span class='ocrx_word' id='word_1_281' title='bbox 312 2472 406 2506; x_wconf 84' lang='lat' dir='ltr'>illud</span> <span class='ocrx_word' id='word_1_282' title='bbox 429 2472 519 2506; x_wconf 78' lang='lat' dir='ltr'>satis</span> <span class='ocrx_word' id='word_1_283' title='bbox 542 2475 592 2506; x_wconf 85' lang='lat' dir='ltr'>est</span> <span class='ocrx_word' id='word_1_284' title='bbox 614 2481 688 2506; x_wconf 76' lang='lat' dir='ltr'>non</span> <span class='ocrx_word' id='word_1_285' title='bbox 714 2474 766 2506; x_wconf 89' lang='lat' dir='ltr'>at-</span> 
     </span>
    </p>

    <p class='ocr_par' dir='ltr' id='par_1_20' title="bbox 0 2519 768 2704">
     <span class='ocr_line' id='line_1_45' title="bbox 31 2519 768 2563; baseline -0.003 -9"><span class='ocrx_word' id='word_1_286' title='bbox 31 2519 194 2554; x_wconf 73' lang='lat' dir='ltr'>tribuere.</span> <span class='ocrx_word' id='word_1_287' title='bbox 245 2522 307 2563; x_wconf 83' lang='lat'>32,</span> <span class='ocrx_word' id='word_1_288' title='bbox 341 2523 383 2554; x_wconf 82' lang='lat'>77</span> <span class='ocrx_word' id='word_1_289' title='bbox 416 2519 521 2553; x_wconf 82' lang='lat' dir='ltr'>tertia</span> <span class='ocrx_word' id='word_1_290' title='bbox 557 2519 768 2561; x_wconf 76' lang='lat' dir='ltr'>(medicina)</span> 
     </span>
     <span class='ocr_line' id='line_1_46' title="bbox 0 2564 766 2609; baseline -0.003 -9"><span class='ocrx_word' id='word_1_291' title='bbox 0 2577 1 2583; x_wconf 57' lang='lat'>¹</span> <span class='ocrx_word' id='word_1_292' title='bbox 32 2569 99 2609; x_wconf 80' lang='lat' dir='ltr'>est,</span> <span class='ocrx_word' id='word_1_293' title='bbox 142 2576 315 2601; x_wconf 86' lang='lat' dir='ltr'>summam</span> <span class='ocrx_word' id='word_1_294' title='bbox 352 2576 422 2600; x_wconf 87' lang='lat' dir='ltr'>esse</span> <span class='ocrx_word' id='word_1_295' title='bbox 457 2565 659 2600; x_wconf 76' lang='lat' dir='ltr'>stultitiam.</span> <span class='ocrx_word' id='word_1_296' title='bbox 717 2564 766 2598; x_wconf 93' lang='lat' dir='ltr'>IV</span> 
     </span>
     <span class='ocr_line' id='line_1_47' title="bbox 0 2613 766 2656; baseline -0.001 -9"><span class='ocrx_word' id='word_1_297' title='bbox 0 2630 1 2634; x_wconf 64' lang='lat'><em>=</em></span> <span class='ocrx_word' id='word_1_298' title='bbox 33 2614 89 2656; x_wconf 80' lang='lat'>38,</span> <span class='ocrx_word' id='word_1_299' title='bbox 114 2615 158 2647; x_wconf 86' lang='lat'>83</span> <span class='ocrx_word' id='word_1_300' title='bbox 185 2613 300 2647; x_wconf 79' lang='lat' dir='ltr'>animi</span> <span class='ocrx_word' id='word_1_301' title='bbox 329 2613 532 2647; x_wconf 80' lang='lat' dir='ltr'>morborum</span> <span class='ocrx_word' id='word_1_302' title='bbox 556 2623 632 2647; x_wconf 81' lang='lat' dir='ltr'>una</span> <span class='ocrx_word' id='word_1_303' title='bbox 656 2622 766 2647; x_wconf 74' lang='lat' dir='ltr'>saua-</span> 
     </span>
     <span class='ocr_line' id='line_1_48' title="bbox 32 2659 636 2704; baseline 0.002 -11"><span class='ocrx_word' id='word_1_304' title='bbox 32 2659 82 2694; x_wconf 59' lang='grc' dir='ltr'>δίο</span> <span class='ocrx_word' id='word_1_305' title='bbox 106 2662 166 2702; x_wconf 84' lang='lat' dir='ltr'>est,</span> <span class='ocrx_word' id='word_1_306' title='bbox 191 2670 309 2694; x_wconf 79' lang='lat' dir='ltr'>omnes</span> <span class='ocrx_word' id='word_1_307' title='bbox 333 2659 532 2704; x_wconf 76' lang='lat' dir='ltr'>opinabiles</span> <span class='ocrx_word' id='word_1_308' title='bbox 556 2669 636 2694; x_wconf 79' lang='lat' dir='ltr'>esse.</span> 
     </span>
    </p>

    <p class='ocr_par' dir='ltr' id='par_1_21' title="bbox 80 2704 585 2749">
     <span class='ocr_line' id='line_1_49' title="bbox 80 2704 585 2749; baseline 0.002 -8"><span class='ocrx_word' id='word_1_309' title='bbox 80 2704 255 2749; x_wconf 74' lang='lat' dir='ltr'>Cleanthi,</span> <span class='ocrx_word' id='word_1_310' title='bbox 281 2718 309 2742; x_wconf 78' lang='lat' dir='ltr'>s,</span> <span class='ocrx_word' id='word_1_311' title='bbox 335 2719 362 2742; x_wconf 93' lang='lat' dir='ltr'>z.</span> <span class='ocrx_word' id='word_1_312' title='bbox 390 2706 422 2741; x_wconf 87' lang='lat' dir='ltr'>II</span> <span class='ocrx_word' id='word_1_313' title='bbox 448 2709 504 2749; x_wconf 83' lang='lat'>25,</span> <span class='ocrx_word' id='word_1_314' title='bbox 532 2709 585 2742; x_wconf 87' lang='grc'>60.</span> 
     </span>
    </p>

    <p class='ocr_par' dir='ltr' id='par_1_22' title="bbox 31 2753 767 2891">
     <span class='ocr_line' id='line_1_50' title="bbox 79 2753 767 2798; baseline 0.001 -11"><span class='ocrx_word' id='word_1_315' title='bbox 79 2753 182 2788; x_wconf 84' lang='lat' dir='ltr'>illam</span> <span class='ocrx_word' id='word_1_316' title='bbox 206 2754 408 2798; x_wconf 78' lang='lat' dir='ltr'>opinionem</span> <span class='ocrx_word' id='word_1_317' title='bbox 433 2774 478 2778; x_wconf 90' lang='lat'><strong>—</strong></span> <span class='ocrx_word' id='word_1_318' title='bbox 503 2754 536 2787; x_wconf 88' lang='lat' dir='ltr'>si</span> <span class='ocrx_word' id='word_1_319' title='bbox 561 2773 606 2778; x_wconf 91' lang='lat'>—-</span> <span class='ocrx_word' id='word_1_320' title='bbox 619 2756 767 2797; x_wconf 75' lang='lat' dir='ltr'>putent.-</span> 
     </span>
     <span class='ocr_line' id='line_1_51' title="bbox 34 2790 764 2845; baseline 0.001 -12"><span class='ocrx_word' id='word_1_321' title='bbox 34 2790 130 2834; x_wconf 68' lang='lat' dir='ltr'>Uber</span> <span class='ocrx_word' id='word_1_322' title='bbox 154 2798 214 2834; x_wconf 83' lang='lat' dir='ltr'>die</span> <span class='ocrx_word' id='word_1_323' title='bbox 234 2799 472 2845; x_wconf 85' lang='lat' dir='ltr'>Verbindung</span> <span class='ocrx_word' id='word_1_324' title='bbox 497 2812 522 2835; x_wconf 87' lang='lat' dir='ltr'>s.</span> <span class='ocrx_word' id='word_1_325' title='bbox 544 2800 603 2834; x_wconf 93' lang='lat' dir='ltr'>z.I</span> <span class='ocrx_word' id='word_1_326' title='bbox 623 2803 679 2843; x_wconf 80' lang='lat'>47,</span> <span class='ocrx_word' id='word_1_327' title='bbox 702 2804 764 2834; x_wconf 89' lang='lat'>111</span> 
     </span>
     <span class='ocr_line' id='line_1_52' title="bbox 31 2846 467 2891; baseline 0.002 -10"><span class='ocrx_word' id='word_1_328' title='bbox 31 2846 184 2890; x_wconf 73' lang='lat' dir='ltr'>suspitio</span> <span class='ocrx_word' id='word_1_329' title='bbox 208 2847 240 2881; x_wconf 83' lang='lat' dir='ltr'>si</span> <span class='ocrx_word' id='word_1_330' title='bbox 265 2848 467 2891; x_wconf 74' lang='lat' dir='ltr'>opinamur.</span> 
     </span>
    </p>
   </div>
   <div class='ocr_carea' id='block_1_18' title="bbox 837 1768 1581 2892">
    <p class='ocr_par' dir='ltr' id='par_1_23' title="bbox 837 1768 1581 2892">
     <span class='ocr_line' id='line_1_53' title="bbox 890 1768 1579 1811; baseline 0 -9"><span class='ocrx_word' id='word_1_331' title='bbox 890 1769 930 1802; x_wconf 77' lang='lat' dir='ltr'>in</span> <span class='ocrx_word' id='word_1_332' title='bbox 955 1772 1107 1803; x_wconf 79' lang='lat' dir='ltr'>tumore:</span> <span class='ocrx_word' id='word_1_333' title='bbox 1133 1772 1261 1811; x_wconf 79' lang='lat' dir='ltr'>tumor,</span> <span class='ocrx_word' id='word_1_334' title='bbox 1288 1768 1345 1803; x_wconf 85' lang='lat' dir='ltr'>die</span> <span class='ocrx_word' id='word_1_335' title='bbox 1369 1768 1579 1803; x_wconf 85' lang='lat' dir='ltr'>Anschwel-</span> 
     </span>
     <span class='ocr_line' id='line_1_54' title="bbox 843 1815 1580 1860; baseline 0 -11"><span class='ocrx_word' id='word_1_336' title='bbox 843 1815 944 1860; x_wconf 90' lang='lat' dir='ltr'>lung,</span> <span class='ocrx_word' id='word_1_337' title='bbox 982 1816 1073 1850; x_wconf 86' lang='lat' dir='ltr'>wird</span> <span class='ocrx_word' id='word_1_338' title='bbox 1107 1827 1180 1850; x_wconf 83' lang='lat' dir='ltr'>von</span> <span class='ocrx_word' id='word_1_339' title='bbox 1218 1815 1289 1850; x_wconf 90' lang='lat' dir='ltr'>den</span> <span class='ocrx_word' id='word_1_340' title='bbox 1320 1815 1580 1860; x_wconf 84' lang='lat' dir='ltr'>Aufregungen</span> 
     </span>
     <span class='ocr_line' id='line_1_55' title="bbox 843 1862 1580 1908; baseline 0 -12"><span class='ocrx_word' id='word_1_341' title='bbox 843 1863 906 1897; x_wconf 90' lang='lat' dir='ltr'>der</span> <span class='ocrx_word' id='word_1_342' title='bbox 933 1862 1037 1898; x_wconf 88' lang='lat' dir='ltr'>Seele</span> <span class='ocrx_word' id='word_1_343' title='bbox 1064 1863 1204 1908; x_wconf 70' lang='lat' dir='ltr'>gesaglz.</span> <span class='ocrx_word' id='word_1_344' title='bbox 1250 1862 1299 1896; x_wconf 91' lang='lat' dir='ltr'>IV</span> <span class='ocrx_word' id='word_1_345' title='bbox 1319 1866 1337 1904; x_wconf 66' lang='grc' dir='ltr'>ξ</span> <span class='ocrx_word' id='word_1_346' title='bbox 1358 1866 1399 1897; x_wconf 87' lang='grc'>63</span> <span class='ocrx_word' id='word_1_347' title='bbox 1427 1866 1580 1897; x_wconf 78' lang='lat' dir='ltr'>recentes</span> 
     </span>
     <span class='ocr_line' id='line_1_56' title="bbox 842 1908 1580 1954; baseline 0 -11"><span class='ocrx_word' id='word_1_348' title='bbox 842 1910 948 1954; x_wconf 76' lang='lat' dir='ltr'>quasi</span> <span class='ocrx_word' id='word_1_349' title='bbox 973 1913 1126 1945; x_wconf 85' lang='lat' dir='ltr'>tumores</span> <span class='ocrx_word' id='word_1_350' title='bbox 1151 1910 1276 1944; x_wconf 74' lang='lat' dir='ltr'>animi.</span> <span class='ocrx_word' id='word_1_351' title='bbox 1323 1908 1437 1944; x_wconf 72' lang='lat' dir='ltr'>Nieht</span> <span class='ocrx_word' id='word_1_352' title='bbox 1463 1909 1580 1944; x_wconf 67' lang='lat' dir='ltr'>selben</span> 
     </span>
     <span class='ocr_line' id='line_1_57' title="bbox 843 1955 1581 2001; baseline 0 -11"><span class='ocrx_word' id='word_1_353' title='bbox 843 1957 943 1991; x_wconf 70' lang='lat' dir='ltr'>steht</span> <span class='ocrx_word' id='word_1_354' title='bbox 974 1967 1011 1992; x_wconf 84' lang='lat' dir='ltr'>es</span> <span class='ocrx_word' id='word_1_355' title='bbox 1043 1956 1224 2001; x_wconf 83' lang='lat' dir='ltr'>geradezu</span> <span class='ocrx_word' id='word_1_356' title='bbox 1254 1955 1312 1990; x_wconf 79' lang='lat' dir='ltr'>fiir</span> <span class='ocrx_word' id='word_1_357' title='bbox 1339 1956 1457 1998; x_wconf 70' lang='lat' dir='ltr'>Stolz;</span> <span class='ocrx_word' id='word_1_358' title='bbox 1493 1955 1581 1990; x_wconf 84' lang='lat' dir='ltr'>aber</span> 
     </span>
     <span class='ocr_line' id='line_1_58' title="bbox 842 2001 1578 2038; baseline -0.001 0"><span class='ocrx_word' id='word_1_359' title='bbox 842 2004 935 2038; x_wconf 82' lang='lat' dir='ltr'>auch</span> <span class='ocrx_word' id='word_1_360' title='bbox 962 2003 1027 2038; x_wconf 85' lang='lat' dir='ltr'>auf</span> <span class='ocrx_word' id='word_1_361' title='bbox 1050 2003 1108 2038; x_wconf 90' lang='lat' dir='ltr'>die</span> <span class='ocrx_word' id='word_1_362' title='bbox 1139 2003 1307 2038; x_wconf 60' lang='lat' dir='ltr'>{iuss-eren</span> <span class='ocrx_word' id='word_1_363' title='bbox 1327 2001 1578 2038; x_wconf 67' lang='lat' dir='ltr'>Verh&#39;ziltnisse</span> 
     </span>
     <span class='ocr_line' id='line_1_59' title="bbox 839 2049 1578 2094; baseline 0 -10"><span class='ocrx_word' id='word_1_364' title='bbox 839 2051 931 2085; x_wconf 82' lang='lat' dir='ltr'>wird</span> <span class='ocrx_word' id='word_1_365' title='bbox 957 2051 1022 2086; x_wconf 82' lang='lat' dir='ltr'>das</span> <span class='ocrx_word' id='word_1_366' title='bbox 1049 2050 1130 2085; x_wconf 86' lang='lat' dir='ltr'>Bild</span> <span class='ocrx_word' id='word_1_367' title='bbox 1158 2051 1389 2094; x_wconf 80' lang='lat' dir='ltr'>fibertragen.</span> <span class='ocrx_word' id='word_1_368' title='bbox 1435 2049 1481 2084; x_wconf 87' lang='lat' dir='ltr'>ad</span> <span class='ocrx_word' id='word_1_369' title='bbox 1501 2050 1578 2084; x_wconf 79' lang='lat' dir='ltr'>Att.</span> 
     </span>
     <span class='ocr_line' id='line_1_60' title="bbox 839 2097 1326 2142; baseline 0 -10"><span class='ocrx_word' id='word_1_370' title='bbox 839 2097 924 2131; x_wconf 88' lang='lat' dir='ltr'>XIV</span> <span class='ocrx_word' id='word_1_371' title='bbox 950 2101 982 2142; x_wconf 88' lang='lat'>5,</span> <span class='ocrx_word' id='word_1_372' title='bbox 1010 2102 1028 2132; x_wconf 88' lang='grc'>2</span> <span class='ocrx_word' id='word_1_373' title='bbox 1056 2101 1174 2132; x_wconf 77' lang='lat' dir='ltr'>tumor</span> <span class='ocrx_word' id='word_1_374' title='bbox 1198 2108 1326 2132; x_wconf 78' lang='lat' dir='ltr'>rerum.</span> 
     </span>
     <span class='ocr_line' id='line_1_61' title="bbox 890 2143 1577 2187; baseline 0.003 -10"><span class='ocrx_word' id='word_1_375' title='bbox 890 2144 1129 2180; x_wconf 79' lang='lat' dir='ltr'>Prometheus.</span> <span class='ocrx_word' id='word_1_376' title='bbox 1150 2144 1317 2187; x_wconf 82' lang='lat' dir='ltr'>Aeschyl.</span> <span class='ocrx_word' id='word_1_377' title='bbox 1334 2143 1452 2178; x_wconf 87' lang='lat' dir='ltr'>Prom.</span> <span class='ocrx_word' id='word_1_378' title='bbox 1468 2143 1577 2179; x_wconf 77' lang='lat' dir='ltr'>vinct.</span> 
     </span>
     <span class='ocr_line' id='line_1_62' title="bbox 840 2191 1480 2236; baseline -0.002 -11"><span class='ocrx_word' id='word_1_379' title='bbox 840 2195 906 2226; x_wconf 82' lang='lat'>379</span> <span class='ocrx_word' id='word_1_380' title='bbox 933 2194 1017 2236; x_wconf 79' lang='lat' dir='ltr'>sagt</span> <span class='ocrx_word' id='word_1_381' title='bbox 1042 2191 1225 2226; x_wconf 83' lang='lat' dir='ltr'>Oceanus:</span> <span class='ocrx_word' id='word_1_382' title='bbox 1477 2199 1480 2202; x_wconf 81' lang='grc'>’</span> 
     </span>
     <span class='ocr_line' id='line_1_63' title="bbox 842 2235 1577 2292; baseline -0.001 -20"><span class='ocrx_word' id='word_1_383' title='bbox 842 2236 1009 2282; x_wconf 78' lang='grc' dir='ltr'>Οὔκουν,</span> <span class='ocrx_word' id='word_1_384' title='bbox 1042 2238 1268 2283; x_wconf 80' lang='grc' dir='ltr'><strong><em>Προμηθεῦ,</em></strong></span> <span class='ocrx_word' id='word_1_385' title='bbox 1307 2237 1416 2292; x_wconf 56' lang='lat' dir='ltr'>tuing</span> <span class='ocrx_word' id='word_1_386' title='bbox 1448 2235 1577 2281; x_wconf 77' lang='grc' dir='ltr'><em>γιγνώ-</em></span> 
     </span>
     <span class='ocr_line' id='line_1_64' title="bbox 1262 2296 1445 2323; baseline 0 -5"><span class='ocrx_word' id='word_1_387' title='bbox 1262 2296 1361 2323; x_wconf 71' lang='grc' dir='ltr'><strong><em>σκεις</em></strong></span> <span class='ocrx_word' id='word_1_388' title='bbox 1387 2298 1445 2319; x_wconf 73' lang='lat' dir='ltr'>ott</span> 
     </span>
     <span class='ocr_line' id='line_1_65' title="bbox 839 2328 1577 2375; baseline 0 -9"><span class='ocrx_word' id='word_1_389' title='bbox 839 2332 961 2375; x_wconf 76' lang='grc' dir='ltr'><em>ψυχῆς</em></span> <span class='ocrx_word' id='word_1_390' title='bbox 986 2329 1167 2375; x_wconf 83' lang='grc' dir='ltr'><strong><em>νοσούσης</em></strong></span> <span class='ocrx_word' id='word_1_391' title='bbox 1193 2330 1285 2366; x_wconf 78' lang='grc' dir='ltr'><strong><em>εἰσὶν</em></strong></span> <span class='ocrx_word' id='word_1_392' title='bbox 1313 2330 1431 2375; x_wconf 83' lang='grc' dir='ltr'><strong><em>ἰατροὶ</em></strong></span> <span class='ocrx_word' id='word_1_393' title='bbox 1455 2328 1577 2375; x_wconf 72' lang='grc' dir='ltr'><strong><em>λόγοις</em></strong></span> 
     </span>
     <span class='ocr_line' id='line_1_66' title="bbox 839 2378 1487 2414; baseline 0.003 -3"><span class='ocrx_word' id='word_1_394' title='bbox 839 2379 983 2413; x_wconf 83' lang='lat' dir='ltr'>worauf</span> <span class='ocrx_word' id='word_1_395' title='bbox 1004 2378 1242 2414; x_wconf 85' lang='lat' dir='ltr'>Prometheus</span> <span class='ocrx_word' id='word_1_396' title='bbox 1270 2380 1487 2413; x_wconf 74' lang='lat' dir='ltr'>antwortet:</span> 
     </span>
     <span class='ocr_line' id='line_1_67' title="bbox 837 2422 1577 2471; baseline 0.001 -13"><span class='ocrx_word' id='word_1_397' title='bbox 837 2422 926 2459; x_wconf 80' lang='grc' dir='ltr'>Ἐάν</span> <span class='ocrx_word' id='word_1_398' title='bbox 964 2439 1016 2465; x_wconf 86' lang='grc' dir='ltr'>τις</span> <span class='ocrx_word' id='word_1_399' title='bbox 1061 2423 1101 2460; x_wconf 78' lang='grc' dir='ltr'>ἐν</span> <span class='ocrx_word' id='word_1_400' title='bbox 1145 2425 1260 2471; x_wconf 76' lang='grc' dir='ltr'><strong><em>καιρῷ</em></strong></span> <span class='ocrx_word' id='word_1_401' title='bbox 1300 2437 1339 2470; x_wconf 86' lang='grc' dir='ltr'>γε</span> <span class='ocrx_word' id='word_1_402' title='bbox 1380 2423 1577 2471; x_wconf 76' lang='grc' dir='ltr'><em>μαλθάσσῃ</em></span> 
     </span>
     <span class='ocr_line' id='line_1_68' title="bbox 1262 2485 1353 2515; baseline 0 -9"><span class='ocrx_word' id='word_1_403' title='bbox 1262 2485 1353 2515; x_wconf 64' lang='lat' dir='ltr'>neae</span> 
     </span>
     <span class='ocr_line' id='line_1_69' title="bbox 839 2517 1576 2565; baseline -0.001 -11"><span class='ocrx_word' id='word_1_404' title='bbox 839 2520 902 2554; x_wconf 81' lang='grc' dir='ltr'>καὶ</span> <span class='ocrx_word' id='word_1_405' title='bbox 929 2517 976 2565; x_wconf 89' lang='grc' dir='ltr'>μὴ</span> <span class='ocrx_word' id='word_1_406' title='bbox 1015 2520 1215 2563; x_wconf 80' lang='grc' dir='ltr'><strong><em>σφυδῶντα</em></strong></span> <span class='ocrx_word' id='word_1_407' title='bbox 1246 2518 1374 2564; x_wconf 78' lang='grc' dir='ltr'><strong><em>θυμὸν</em></strong></span> <span class='ocrx_word' id='word_1_408' title='bbox 1407 2518 1576 2563; x_wconf 76' lang='grc' dir='ltr'><strong><em>ἰσχναίνῃ</em></strong></span> 
     </span>
     <span class='ocr_line' id='line_1_70' title="bbox 1262 2568 1341 2613; baseline 0.013 -1"><span class='ocrx_word' id='word_1_409' title='bbox 1262 2568 1341 2613; x_wconf 68' lang='grc' dir='ltr'>βίᾳῑ</span> 
     </span>
     <span class='ocr_line' id='line_1_71' title="bbox 885 2612 1576 2649; baseline -0.003 0"><span class='ocrx_word' id='word_1_410' title='bbox 885 2615 1099 2649; x_wconf 72' lang='lat' dir='ltr'>orationem:</span> <span class='ocrx_word' id='word_1_411' title='bbox 1136 2614 1171 2648; x_wconf 89' lang='lat' dir='ltr'>io</span> <span class='ocrx_word' id='word_1_412' title='bbox 1202 2614 1252 2648; x_wconf 75' lang='lat' dir='ltr'>ist</span> <span class='ocrx_word' id='word_1_413' title='bbox 1283 2615 1336 2647; x_wconf 83' lang='lat' dir='ltr'>als</span> <span class='ocrx_word' id='word_1_414' title='bbox 1369 2613 1449 2648; x_wconf 89' lang='lat' dir='ltr'>eine</span> <span class='ocrx_word' id='word_1_415' title='bbox 1477 2612 1576 2647; x_wconf 86' lang='lat' dir='ltr'>Silbe</span> 
     </span>
     <span class='ocr_line' id='line_1_72' title="bbox 837 2658 1576 2705; baseline -0.004 -10"><span class='ocrx_word' id='word_1_416' title='bbox 837 2673 881 2695; x_wconf 92' lang='lat' dir='ltr'>zu</span> <span class='ocrx_word' id='word_1_417' title='bbox 920 2661 1038 2704; x_wconf 84' lang='lat' dir='ltr'>lesen,</span> <span class='ocrx_word' id='word_1_418' title='bbox 1077 2661 1145 2695; x_wconf 88' lang='lat' dir='ltr'>wie</span> <span class='ocrx_word' id='word_1_419' title='bbox 1176 2661 1217 2695; x_wconf 83' lang='lat' dir='ltr'>iu</span> <span class='ocrx_word' id='word_1_420' title='bbox 1252 2660 1290 2694; x_wconf 91' lang='lat' dir='ltr'>in</span> <span class='ocrx_word' id='word_1_421' title='bbox 1317 2661 1495 2705; x_wconf 69' lang='lat' dir='ltr'>proelium</span> <span class='ocrx_word' id='word_1_422' title='bbox 1526 2658 1576 2692; x_wconf 92' lang='lat' dir='ltr'>IV</span> 
     </span>
     <span class='ocr_line' id='line_1_73' title="bbox 839 2705 1575 2750; baseline -0.005 -8"><span class='ocrx_word' id='word_1_423' title='bbox 839 2711 894 2750; x_wconf 83' lang='lat'>23,</span> <span class='ocrx_word' id='word_1_424' title='bbox 921 2711 964 2742; x_wconf 89' lang='grc'>52</span> <span class='ocrx_word' id='word_1_425' title='bbox 991 2707 1064 2742; x_wconf 87' lang='lat' dir='ltr'>und</span> <span class='ocrx_word' id='word_1_426' title='bbox 1096 2707 1156 2742; x_wconf 88' lang='lat' dir='ltr'>bei</span> <span class='ocrx_word' id='word_1_427' title='bbox 1185 2707 1304 2742; x_wconf 86' lang='lat' dir='ltr'>Horaz</span> <span class='ocrx_word' id='word_1_428' title='bbox 1330 2718 1439 2742; x_wconf 82' lang='lat' dir='ltr'>carm.</span> <span class='ocrx_word' id='word_1_429' title='bbox 1467 2705 1517 2739; x_wconf 87' lang='lat' dir='ltr'>III</span> <span class='ocrx_word' id='word_1_430' title='bbox 1543 2709 1575 2748; x_wconf 84' lang='lat'>4,</span> 
     </span>
     <span class='ocr_line' id='line_1_74' title="bbox 839 2753 1575 2789; baseline -0.004 0"><span class='ocrx_word' id='word_1_431' title='bbox 839 2758 882 2788; x_wconf 86' lang='lat'>41</span> <span class='ocrx_word' id='word_1_432' title='bbox 924 2754 993 2789; x_wconf 88' lang='lat' dir='ltr'>Vos</span> <span class='ocrx_word' id='word_1_433' title='bbox 1030 2755 1104 2789; x_wconf 77' lang='lat' dir='ltr'>lene</span> <span class='ocrx_word' id='word_1_434' title='bbox 1135 2754 1324 2789; x_wconf 78' lang='lat' dir='ltr'>consilium</span> <span class='ocrx_word' id='word_1_435' title='bbox 1355 2756 1386 2787; x_wconf 81' lang='lat' dir='ltr'>et</span> <span class='ocrx_word' id='word_1_436' title='bbox 1417 2753 1513 2787; x_wconf 77' lang='lat' dir='ltr'>datis</span> <span class='ocrx_word' id='word_1_437' title='bbox 1543 2755 1575 2786; x_wconf 85' lang='lat' dir='ltr'>et</span> 
     </span>
     <span class='ocr_line' id='line_1_75' title="bbox 839 2799 1576 2842; baseline -0.001 -7"><span class='ocrx_word' id='word_1_438' title='bbox 839 2802 924 2836; x_wconf 83' lang='lat' dir='ltr'>dato</span> <span class='ocrx_word' id='word_1_439' title='bbox 950 2813 982 2835; x_wconf 89' lang='lat' dir='ltr'>u.</span> <span class='ocrx_word' id='word_1_440' title='bbox 1005 2813 1032 2835; x_wconf 82' lang='lat' dir='ltr'>s.</span> <span class='ocrx_word' id='word_1_441' title='bbox 1053 2813 1096 2835; x_wconf 85' lang='lat' dir='ltr'>w.</span> <span class='ocrx_word' id='word_1_442' title='bbox 1148 2800 1198 2835; x_wconf 88' lang='lat' dir='ltr'>III</span> <span class='ocrx_word' id='word_1_443' title='bbox 1225 2805 1256 2842; x_wconf 88' lang='grc'>6,</span> <span class='ocrx_word' id='word_1_444' title='bbox 1284 2805 1303 2834; x_wconf 86' lang='grc'><strong>6</strong></span> <span class='ocrx_word' id='word_1_445' title='bbox 1344 2799 1445 2833; x_wconf 69' lang='lat' dir='ltr'>Hine</span> <span class='ocrx_word' id='word_1_446' title='bbox 1475 2809 1576 2834; x_wconf 83' lang='lat' dir='ltr'>omne</span> 
     </span>
     <span class='ocr_line' id='line_1_76' title="bbox 837 2847 1438 2892; baseline -0.003 -10"><span class='ocrx_word' id='word_1_447' title='bbox 837 2849 1062 2892; x_wconf 79' lang='lat' dir='ltr'>principium</span> <span class='ocrx_word' id='word_1_448' title='bbox 1085 2848 1153 2882; x_wconf 83' lang='lat' dir='ltr'>huc</span> <span class='ocrx_word' id='word_1_449' title='bbox 1178 2848 1269 2889; x_wconf 83' lang='lat' dir='ltr'>refer</span> <span class='ocrx_word' id='word_1_450' title='bbox 1294 2847 1438 2880; x_wconf 69' lang='lat' dir='ltr'>eaeitum.</span> 
     </span>
    </p>
   </div>
   <div class='ocr_carea' id='block_1_19' title="bbox 1229 552 1641 602">
    <p class='ocr_par' dir='ltr' id='par_1_24' title="bbox 1229 552 1641 602">
     <span class='ocr_line' id='line_1_77' title="bbox 1229 552 1641 602; baseline -0.002 -11"><span class='ocrx_word' id='word_1_451' title='bbox 1229 552 1328 591; x_wconf 89' lang='lat' dir='ltr'>Sunt</span> <span class='ocrx_word' id='word_1_452' title='bbox 1360 553 1427 602; x_wconf 88' lang='lat' dir='ltr'>qui</span> <span class='ocrx_word' id='word_1_453' title='bbox 1464 565 1583 590; x_wconf 87' lang='lat' dir='ltr'>unum</span> <span class='ocrx_word' id='word_1_454' title='bbox 1600 564 1641 594; x_wconf 74' lang='lat' dir='ltr'>7ss</span> 
     </span>
    </p>
   </div>
  </div>
 </body>
</html>
