1817 3103
301 77 694 112 TUSCULANARUM
721 77 1123 114 DlSPUTATlONCM
1151 82 1191 116 ll.
1220 85 1368 117 39—43.
1557 82 1612 123 93

59 187 267 239 ingemuit,
312 188 400 237 quis
445 186 589 225 voltum
634 187 797 224 mutavit
838 185 1052 237 umquam?
1097 190 1184 238 quis
1223 202 1297 227 non
1338 191 1451 228 modo
1492 193 1612 243 stetit,

61 257 195 284 verum
240 246 354 283 etiam
394 244 581 283 decubuit
622 242 820 295 turpiter?
864 246 968 296 quis,
1013 258 1101 284 cum
1147 246 1417 299 decubuisset,
1464 251 1611 288 serrum

59 305 235 354 recipere
274 305 405 341 iussus
444 303 585 341 collum
626 300 848 341 contraxit?
909 303 1076 342 Tantum
1116 306 1360 357 exercitatio,
1402 307 1611 358 meditatio,

57 361 303 400 consuetudo
337 361 447 400 valet.

509 360 612 411 Ergo
646 361 718 399 hoc
752 363 895 412 poterit

271 445 446 490 Samnis,
478 455 650 492 spurcus
681 445 811 489 homo,
846 445 925 481 vita
958 446 1026 481 illa
1059 446 1205 492 (Imaus
1237 447 1420 493 locoque:

57 527 116 564 vir
159 532 272 564 natus
315 526 359 564 ad
401 526 564 576 gloriam
610 525 725 563 ullam
768 531 917 575 partem
962 527 1078 563 animi
1125 532 1201 564 tam
1247 526 1401 564 mollem
1444 526 1612 578 babebit,

57 595 174 634 quam
206 596 283 622 non
317 585 567 622 meditatione
600 589 638 622 et
671 584 818 621 ratione
846 582 1112 622 conroboret?
1162 583 1326 623 Crudele
1354 584 1611 635 gladiatorum

57 642 324 693 spectaculum
358 649 396 681 et
434 642 688 680 inhumanum
732 653 807 679 non
847 641 964 680 nullis
997 642 1119 680 videri
1159 643 1274 693 solet,
1314 650 1352 681 et
1392 643 1492 681 baud
1533 646 1613 682 scio

55 712 103 739 an
136 702 187 739 ita
221 703 288 752 sit,
320 706 363 739 ut
396 713 499 741 nunc
532 702 591 739 tit:
633 712 722 738 cum
755 712 847 737 vero
880 706 1013 738 sontes
1047 700 1151 738 serro
1185 701 1479 753 depugnabant,
1511 704 1612 740 auri-

54 757 128 797 bus
162 760 325 798 sortasse
354 758 516 810 multae,
548 757 672 796 oculis
700 758 856 808 quidem
884 758 986 796 nulla
1014 765 1168 809 poterat
1195 772 1280 797 esse
1310 761 1448 798 sortior
1475 767 1611 799 contra

55 816 231 856 dolorem
265 824 303 855 et
335 823 501 855 mortem
535 816 749 868 disciplina.

173 875 225 914 De
259 877 535 914 exercitatione
570 881 608 914 et
641 875 924 913 consuetudine
952 882 990 913 et
1017 877 1344 915 commentatione
1378 877 1467 915 dixi.

54 935 125 987 sis,
165 946 269 973 nunc
308 934 354 972 de
388 936 536 972 ratione
569 933 789 985 videamus,
829 935 903 972 nisi
939 934 1030 985 quid
1064 936 1121 972 vis
1153 934 1198 972 ad
1232 935 1338 973 haec.

539 992 593 1031 Ne
627 993 700 1030 hoc
734 992 890 1043 quidem
923 992 1078 1031 vellem:
1114 994 1166 1031 ita
1199 1005 1260 1031 me
1293 993 1338 1031 ad
1373 994 1611 1032 credendum

497 1052 549 1089 M.
585 1051 693 1089 Sitne
725 1052 845 1102 igitur
877 1051 1021 1089 malum
1049 1051 1181 1089 dolere
1212 1064 1334 1090 necne
1363 1052 1484 1091 Stoici
1510 1053 1612 1091 vide-

53 999 98 1032 ut
129 998 168 1031 te
201 991 477 1044 interpellem?

55 1057 119 1090 tua
156 1052 263 1090 ducit
296 1053 431 1090 oratio.

1522 878 1613 927 Asc,
1629 865 1683 940 ῥ’

1402 938 1446 973 Α.
1480 935 1611 987 Egone
1655 934 1670 939 “

20 1111 153 1161 ‚rint,
186 1112 253 1161 qui
285 1109 519 1148 contortulis
552 1109 784 1160 quibusdam
825 1115 862 1148 et
901 1111 1061 1148 minutis
1094 1110 1429 1149 conclusiunculis
1462 1123 1533 1149 nec
1567 1112 1611 1150 ad

53 1180 195 1207 sensus
227 1168 548 1219 permanantibus
582 1168 682 1206 effici
711 1167 844 1206 volunt
877 1181 953 1206 non
988 1181 1073 1207 esse
1107 1168 1249 1207 malum
1281 1169 1466 1208 dolorem.

1529 1169 1610 1220 Ego

52 1226 166 1278 illud,
199 1227 385 1278 quicquid
420 1229 486 1278 sit,
519 1232 670 1265 tantum
704 1238 789 1264 esse
818 1232 1007 1277 quantum
1032 1227 1210 1265 videatur
1244 1240 1320 1265 non
1353 1234 1468 1279 puto,
1502 1228 1611 1266 salsa-

50 1296 130 1335 que
164 1287 248 1323 eius
282 1286 431 1323 visione
464 1292 502 1323 et
536 1286 665 1336 specie
700 1286 847 1322 moveri
879 1285 1056 1323 homiues
1090 1285 1176 1323 dico
1204 1286 1474 1325 vehementius
1507 1286 1612 1324 dolo-

49 1355 215 1394 remque
247 1355 402 1382 omnem
442 1356 527 1382 csse
567 1343 821 1382 tolerabilem.

885 1343 994 1381 Unde
1033 1345 1153 1394 igitur
1193 1342 1354 1383 ordiar?
1393 1358 1439 1383 an
1479 1345 1611 1383 eadem

51 1400 224 1441 breviter
265 1403 469 1453 attingam,
512 1414 609 1453 quae
655 1401 768 1440 modo
813 1401 910 1453 dixi,
952 1415 1028 1453 quo
1071 1402 1223 1441 facilius
1265 1405 1388 1441 oratio
1429 1404 1614 1455 progredi

50 1462 176 1512 possit
205 1458 392 1512 longius?
452 1460 559 1499 Inter
585 1473 721 1499 omnes
747 1461 866 1511 igitur
891 1460 965 1499 hoc
993 1467 1145 1500 constat
1172 1474 1244 1500 nec
1271 1462 1407 1500 doctos
1433 1462 1612 1501 homines
1628 1469 1670 1500 43

52 1518 198 1571 solum,
226 1519 297 1557 ‘sed
326 1521 442 1558 etiam
469 1519 666 1570 indoctos,
698 1520 872 1557 virorum
898 1531 983 1557 esse
1012 1520 1170 1558 sortium
1205 1526 1244 1558 et
1276 1522 1611 1571 magnanimorum

55 1584 95 1616 et
126 1579 357 1628 patientium
392 1583 430 1616 et
463 1578 630 1616 humana
663 1579 901 1616 vincentium
942 1578 1154 1616 toleranter
1193 1579 1368 1617 dolorem
1404 1581 1503 1630 pati,
1541 1592 1614 1618 nec

0 1662 1 1675 2
55 1648 147 1674 vero
181 1637 387 1686 quisquam
435 1637 508 1674 fuit
546 1637 612 1686 qui
651 1647 758 1688 eum,
802 1638 869 1687 qui
908 1638 959 1674 ita
996 1643 1217 1689 pateretur,
1262 1650 1339 1675 non
1379 1637 1613 1676 laudandum

46 1796 146 1840 quod
169 1796 389 1840 ⁴(Jlacliatores
408 1796 543 1830 nobiles
567 1796 728 1838 faciunt,
755 1798 795 1829 ut

50 1843 190 1877 honeste
215 1843 445 1884 decumbant,
471 1843 652 1884 faciamus
676 1853 750 1877 nos.

97 1890 234 1932 ferrum
270 1900 337 1923 rec.
388 1888 520 1933 Recipe
559 1890 665 1923 telum
707 1890 795 1924 oder

49 1937 100 1970 da
132 1937 298 1981 iugulum
330 1935 470 1970 lautete
503 1936 568 1969 der
598 1934 689 1979 Rus,
726 1936 796 1970 mit

51 1983 135 2017 dem
161 1983 227 2017 das
252 1981 352 2017 Volk
380 1983 452 2016 den
478 1983 558 2017 Tod
584 1982 682 2017 eines
710 1981 794 2018 Gla-

48 2029 189 2065 diators
209 2029 380 2064 forderte.
416 2029 549 2073 Haufig
568 2030 691 2064 wurde
713 2030 794 2064 das-

49 2076 149 2111 selbe
175 2076 269 2111 auch
299 2076 414 2110 durch
446 2076 506 2110 ein
537 2075 694 2111 Zeichen
727 2077 795 2111 mit

51 2122 115 2158 der
133 2123 258 2165 Hand,
286 2123 491 2168 Einbiegen
510 2123 574 2157 des
593 2123 793 2167 Danmens‚

49 2170 287 2214 angedeutet.

98 2217 246 2251 Samnis
271 2218 338 2251 eet.
391 2216 461 2250 Eiu
486 2216 579 2251 Vers
614 2227 680 2251 aus
713 2216 793 2250 der-

51 2263 179 2298 selben
200 2263 317 2298 Satire
338 2263 401 2298 des
422 2263 601 2306 Lucilius,
623 2274 688 2297 aus
707 2264 794 2298 wel-

3 2322 6 2323 ’
46 2311 137 2345 cher
181 2310 238 2345 die
276 2309 326 2343 IV
365 2314 427 2354 21,
467 2314 511 2345 48
549 2310 795 2355 augefiihrten

49 2356 164 2391 Verse
184 2359 419 2392 entnommen
440 2356 531 2392 sind.
567 2356 667 2391 Uber
686 2357 793 2391 Luci-

52 2402 123 2438 lius
149 2416 176 2438 s.
203 2416 230 2438 z.
257 2403 309 2437 111
335 2407 353 2446 ᾖ
380 2408 435 2438 31.

98 2461 177 2485 cum
203 2461 294 2486 vero.
345 2451 386 2484 In
412 2450 578 2486 friiberer
597 2451 676 2485 Zeit
701 2463 793 2485 wur-

47 2495 123 2532 den
142 2497 251 2532 meist
272 2510 340 2532 nur
359 2496 698 2542 Kriegsgefangene
719 2498 795 2532 und

50 2543 275 2579 Verurteilte
301 2556 344 2578 zu
364 2544 435 2579 den
457 2544 605 2588 Spielen
631 2545 792 2587 benutzt‚

51 2602 95 2624 zu
121 2590 265 2626 Ciceros
291 2591 370 2625 Zeit
395 2591 562 2636 dagegen
596 2592 793 2626 besonders

50 2636 480 2720 {irilclgegldceiiuffaltiiitefixtlen
498 2639 585 2719 x{⁷11de
611 2638 791 2719 sglgcssIidg

46 2731 184 2765 andere
220 2732 470 2767 vermieteten.
526 2730 595 2766 Die
634 2731 790 2776 Kampfe

50 2777 202 2812 wurden
219 2778 383 2813 dadurch
403 2778 693 2823 kunstmassiger
716 2778 792 2812 und

50 2821 180 2868 liinger
199 2824 378 2869 dauernd,
399 2826 487 2860 aber
502 2825 595 2860 auch
615 2825 789 2870 blutiger.

916 1796 1008 1839 Kap.
1036 1795 1098 1832 18.
1149 1800 1203 1830 42.
1243 1797 1311 1838 sis,
1350 1797 1430 1832 eine
1466 1797 1611 1832 Formel

868 1843 931 1876 der
957 1842 1321 1887 Umgangssprache‚
1348 1844 1465 1879 woffir
1485 1843 1611 1879 Cicero

867 1888 976 1923 meist.
1000 1891 1032 1923 si
1058 1891 1112 1924 vis
1138 1892 1236 1935 sagt;
1273 1890 1368 1925 doeh
1400 1891 1474 1935 vgl.
1507 1903 1541 1935 p.
1577 1892 1611 1926 S.

867 1936 971 1970 Rosc.
1008 1940 1068 1980 16,
1100 1940 1144 1972 48
1181 1948 1245 1981 aye
1275 1949 1373 1972 nunc
1404 1939 1498 1981 refer
1531 1939 1613 1972 ani-

869 1994 965 2017 mum
989 1984 1040 2017 sis
1069 1984 1116 2018 ad
1149 1986 1340 2019 veritatem.
1391 1997 1425 2029 p.
1452 1984 1529 2020 Mil.
1556 1989 1612 2028 22,

870 2033 914 2064 60
941 2041 1024 2064 cave
1048 2031 1098 2065 sis
1124 2032 1321 2066 mentiaris.

914 2090 1003 2133 quid
1028 2090 1082 2124 ris
1107 2090 1156 2124 ad
1180 2091 1282 2124 haec:
1315 2102 1341 2124 s.
1369 2102 1395 2124 z.
1423 2090 1439 2124 I
1465 2093 1527 2133 23,
1555 2094 1610 2125 55.

914 2158 1020 2191 eyone
1057 2151 1115 2190 ut,
1153 2148 1232 2182 eine
1269 2149 1388 2192 Frage
1426 2148 1491 2182 der
1521 2148 1611 2182 Ent-

867 2197 1038 2238 riistung,
1066 2205 1092 2229 s.
1120 2195 1253 2239 Zumpt
1279 2198 1298 2237 ξ
1325 2198 1402 2229 609.

915 2253 963 2287 ad
982 2263 1106 2287 sensus
1123 2254 1442 2297 permanantibus,
1469 2253 1528 2288 die
1549 2253 1615 2288 auf

868 2299 932 2333 das
960 2298 1095 2334 Geffihl
1135 2300 1268 2335 keiuen
1306 2300 1495 2334 Eindruck
1532 2312 1610 2335 ma-

868 2346 970 2381 cheu.
1023 2347 1104 2391 Vgl.
1132 2347 1148 2380 Ι
1174 2350 1205 2390 8,
1236 2351 1277 2382 16
1310 2347 1396 2382 haec
1420 2348 1513 2382 enim
1538 2349 1611 2391 spi-

866 2394 1014 2427 nosiora
1032 2395 1139 2437 prius
1158 2398 1198 2428 ut
1212 2395 1382 2437 confitear
1396 2405 1448 2428 me
1468 2398 1610 2440 coqunt,

866 2451 974 2484 quam
1000 2444 1040 2474 ut
1066 2442 1254 2475 assentiar.

914 2509 963 2532 an
1001 2500 1132 2533 eadem.
1183 2500 1249 2534 Die
1286 2499 1405 2544 Frage
1449 2499 1517 2534 mit
1561 2511 1610 2534 an

868 2545 1008 2590 sprieht
1034 2546 1093 2580 die
1119 2547 1186 2580 auf
1217 2545 1274 2580 die
1309 2547 1609 2591 vorhergehende

867 2591 984 2636 Fra-ge
999 2592 1308 2628 wahrscheinlich
1323 2605 1366 2627 zu
1381 2593 1608 2627 erwartende

866 2640 1036 2673 Antwort
1073 2651 1148 2674 aus.
1200 2640 1249 2673 III
1292 2646 1326 2682 1,
1367 2644 1383 2674 1
1427 2640 1610 2684 Quidnam

864 2696 935 2720 esse
961 2697 1092 2720 causae
1110 2691 1232 2731 putem
1257 2707 1297 2711 —
1321 2698 1385 2720 cur
1407 2687 1523 2720 animi
1542 2697 1610 2720 me-

864 2733 990 2767 dicina
1023 2753 1067 2757 —
1092 2734 1266 2777 pluribus
1303 2734 1409 2767 etiam
1445 2736 1609 2776 suspecta

864 2782 896 2813 et
921 2779 1070 2813 invisa?
1108 2791 1156 2814 an
1172 2780 1278 2824 'quod
1303 2780 1464 2823 corporis
1487 2780 1608 2824 gyravi-

864 2828 971 2860 tatem
999 2846 1041 2850 —
1068 2827 1191 2860 animo
1218 2825 1450 2860 iudicamus?
