1811 3103
64 688 118 770 145

141 76 224 118 118

657 76 706 111 M.
733 77 896 113 TULLII
923 77 1176 113 CICERONIS

136 188 282 239 omnia,
316 199 414 237 quae
448 192 703 239 conarentur,
735 187 1046 240 prohibiturum,
1078 189 1356 239 quaesiverunt
1388 201 1482 228 num
1516 201 1558 228 se
1591 197 1696 229 esset

137 247 253 284 etiam
286 247 386 284 mori
417 245 708 296 prohibiturus:
741 248 799 285 vir
831 248 881 299 is,
914 258 1030 298 quem
1058 248 1302 298 quaerimus,
1334 259 1412 286 non
1449 247 1570 287 multo
1603 249 1696 287 faci-

135 304 212 343 lius
244 303 309 342 tali
343 305 470 343 animo
503 306 726 356 reperietur
759 317 874 356 quam
907 307 1042 344 civitas
1077 303 1289 344 universa?
1355 303 1485 352 Quid?
1517 306 1563 345 ad
1595 307 1696 346 hanc

137 362 426 415 fortitudinem,
470 363 518 402 de
564 375 638 414 qua
681 364 897 416 loquimur,
944 365 1203 414 temperantia
1245 363 1445 416 adiuncta,
1494 377 1592 416 quae
1634 371 1695 404 est

137 421 374 461 moderatrix
408 424 582 461 omnium
616 424 940 474 commotionum,
974 422 1067 473 quid
1099 428 1230 474 potest
1262 422 1308 461 ad
1341 422 1454 462 beate
1486 423 1695 463 vivendum

135 480 273 519 deesse
307 482 359 532 ei,
393 493 509 532 quem
542 481 732 520 fortitudo
762 481 808 520 ab
835 480 1078 533 aegritudine
1112 488 1150 520 et
1183 494 1203 519 a
1235 487 1343 521 metu
1375 482 1564 534 vindicet,
1596 488 1693 521 tem-

134 541 310 590 perantia
355 552 445 578 cum
490 552 509 578 a
553 539 714 578 libidine
760 546 912 592 av,ocet
957 546 1040 578 tum
1081 540 1267 579 insolenti
1305 540 1505 580 alacritate
1549 542 1694 591 gestire

134 610 211 636 non
255 596 384 637 sinat?
445 598 549 637 Haec
582 598 740 637 efficere
773 600 959 638 virtutem
999 599 1267 651 ostenderem,
1306 600 1381 638 nisi
1421 598 1695 650 superioribus

134 656 272 695 diebus
306 662 439 695 essent
471 656 672 708 explicata

251 716 378 766 Atque
411 727 501 754 cum
534 715 852 767 peitu1bationes
891 717 1009 754 animi
1048 718 1264 768 miseriam,
1303 716 1524 755 sedationes
1564 723 1695 756 autem

98 740 250 812 3vitam
293 774 462 813 efficiant
503 773 673 826 beatam,
717 774 939 826 duplexque
986 776 1084 814 ratio
1124 774 1433 825 perturbationis
1478 777 1546 828 sit,
1591 775 1694 827 quod

133 832 336 884 aegritudo
380 838 418 872 et
456 838 584 872 metus
623 835 662 871 in
701 833 812 872 malis
850 835 1036 885 opinatis,
1076 835 1115 872 in
1153 833 1348 873 honorum
1386 839 1518 873 autem
1558 846 1693 873 errore

132 891 277 930 laetitia
310 893 483 942 gestiens
515 891 713 942 libidoque
741 897 938 943 versetur,
972 904 1060 930 cum
1094 894 1224 931 omnia
1257 904 1301 931 ea
1333 905 1423 931 cum
1455 892 1619 932 consilio
1652 898 1691 932 et

130 951 281 988 ratione
314 956 508 1001 pugnent:
547 950 607 988 his
640 957 682 988 tu
716 956 793 988 tam
827 949 1009 1001 gravibus
1043 950 1371 989 concitationibus
1404 958 1561 1002 tamque
1594 953 1691 1003 ipsis

131 1010 235 1048 inter
280 1020 322 1047 se
367 1008 692 1047 dissentientibus
731 1014 847 1059 atque
887 1008 1086 1048 distractis
1124 1021 1242 1059 quem
1279 1021 1464 1062 vacuum,
1510 1010 1694 1062 solutum,

131 1067 299 1106 liberum
344 1067 506 1118 videris,
550 1067 655 1106 hunc
701 1066 897 1106 dubitabis
941 1067 1100 1107 beatum
1144 1065 1305 1106 dicere?
1366 1068 1485 1119 Atqui
1536 1070 1692 1119 sapiens

69 1136 115 1167 44
131 1137 288 1176 semper
320 1127 371 1165 ita
404 1126 581 1165 adfectus
614 1131 692 1165 est:
730 1138 886 1177 semper
918 1127 1039 1177 igitur
1072 1128 1227 1178 sapiens
1260 1126 1398 1166 beatus
1431 1133 1501 1166 est.

1564 1128 1692 1179 Atque

130 1186 246 1223 etiam
279 1197 393 1223 omne
427 1184 574 1224 bonum
606 1184 784 1223 laetabile
824 1190 900 1236 est3
946 1184 1050 1236 quod
1090 1191 1219 1224 autem
1257 1185 1454 1237 laetabile,
1499 1186 1537 1225 id
1581 1197 1692 1237 prae-

130 1243 340 1282 dicandum
372 1249 411 1282 et
440 1256 534 1296 prae
568 1256 609 1282 se
642 1243 867 1295 serendum3
902 1244 1003 1294 quod
1038 1244 1113 1283 tale
1147 1250 1296 1296 autem,
1328 1244 1367 1282 id
1400 1246 1517 1283 etiam
1549 1244 1690 1296 glorio-

130 1314 236 1354 sum3
281 1303 312 1341 si
351 1314 444 1341 vero
482 1302 716 1355 gloriosum,
761 1308 868 1342 certe
906 1302 1118 1355 laudabile3
1163 1303 1266 1353 quod
1311 1302 1503 1342 laudabile
1550 1309 1693 1356 autem,

128 1361 306 1412 profecto
348 1363 465 1400 etiam
506 1361 734 1401 honestum:
778 1361 882 1412 quod
922 1360 1068 1400 bonum
1111 1363 1250 1414 igitur,
1290 1361 1328 1400 id
1361 1362 1583 1401 honestum.
1644 1362 1693 1400 At

128 1431 227 1471 quae
259 1421 324 1458 isti
356 1420 458 1458 bona
491 1426 717 1472 numerant,
758 1433 806 1458 ne
840 1421 914 1471 ipsi
947 1420 1105 1471 quidem
1145 1420 1309 1459 honesta
1347 1421 1493 1460 dicunt.

127 1569 243 1611 kann,
271 1568 369 1613 zeigt
396 1568 460 1602 das
487 1568 647 1612 Beispiel
674 1568 871 1603 (18111308-

127 1614 329 1650 damonier.
355 1614 430 1649 Der
445 1614 529 1649 Satz
545 1614 614 1649 mit
635 1626 684 1650 cm
705 1614 874 1650 schliesst

127 1661 207 1697 sich
232 1662 311 1697 also
339 1673 386 1697 an
411 1663 552 1706 qualem
572 1682 616 1687 —
635 1663 799 1697 volumus
825 1673 872 1697 an

127 1709 202 1743 und
233 1709 419 1754 begegnet
458 1709 543 1744 dem
568 1709 752 1752 Einwurf,
791 1709 870 1744 dass

127 1755 207 1791 sich
233 1756 292 1791 ein
318 1756 462 1791 solcher
486 1756 639 1791 Menseh
670 1756 775 1791 nieht
806 1757 871 1791 fin-

126 1804 198 1838 den
223 1803 337 1846 lasse3
365 1803 501 1838 ebenso
528 1803 598 1838 wie
630 1803 683 1838 ost
714 1815 799 1838 ‘nam
831 1803 870 1838 in

127 1850 192 1885 der
220 1850 426 1895 Occupatio
453 1850 563 1885 steht.

167 1898 453 1941 prohibiturum,
468 1908 585 1942 quaes.
613 1897 776 1932 Ahnlieh
790 1897 869 1932 1311

124 1946 182 1979 tet
207 1944 272 1979 der
297 1945 512 1989 Ausspruch
544 1944 604 1979 bei
632 1944 733 1979 Stob
761 1955 869 1980 serm.

124 1991 193 2025 VII
220 1995 264 2025 59
291 1992 366 2026 τῶν
398 1991 439 2026 δὲ
473 1992 784 2034 Λακεδαιμονίων
817 2004 871 2030 τις

125 2050 292 2078 ακουσας
317 2039 390 2073 τῶν
423 2035 587 2073 απὲιλίῠν
623 2035 732 2082 χάριν
763 2035 868 2096 αὐτῷ

127 2083 200 2129 ἔφη
228 2084 389 2130 εἰδέναι,
426 2081 484 2119 ὅτι
510 2082 554 2119 οὐ
581 2083 734 2128 κωλύοι,
760 2081 779 2119 ὃ
809 2082 871 2119 ἐπὶ

124 2137 202 2172 τοῖς
228 2131 453 2177 μαχομένοις
479 2129 596 2175 ἐστὶν,
617 2129 845 2166 ἀποθανεῖν.

171 2180 247 2214 ‘nisi
271 2180 519 2224 superioribus
544 2182 613 2214 eet.
659 2179 765 2214 Auch
792 2191 820 2214 e.
849 2184 869 2214 6

125 2238 158 2261 u.
188 2230 207 2260 7
233 2226 301 2261 hat
327 2226 400 2262 Cic.
429 2227 499 2261 den
520 2226 662 2261 Beweis
690 2226 868 2271 gegeben,

124 2272 204 2307 dass
232 2273 291 2307 die
313 2274 468 2318 Tugend
489 2273 560 2308 den
578 2273 779 2308 Mensohen
799 2272 869 2308 frei

123 2331 196 2355 von
240 2319 550 2354 Leidenschaften
606 2321 681 2354 und
738 2320 868 2354 darum

123 2367 315 2411 gliieklieh
340 2367 479 2402 macht.

170 2414 263 2458 Kap.
285 2414 347 2449 15.
388 2418 443 2449 43.
467 2414 683 2455 sedationes,
704 2413 868 2448 Freiheit

125 2472 197 2496 von
220 2461 291 2496 den
305 2461 594 2496 verschiedenen
608 2459 867 2494 Leidensehaf-

123 2509 197 2543 ten.
223 2508 297 2542 Der
306 2508 433 2543 Plura]
445 2508 496 2542 ist:
506 2518 633 2552 wegen
649 2507 712 2541 des
726 2506 865 2551 Gegen-

125 2556 244 2590 satzes
270 2567 312 2589 zu
335 2555 626 2599 perturbationes
652 2555 801 2599 gesetzt.

170 2602 306 2646 duplex
331 2603 427 2636 ratio
449 2602 630 2646 perturb„
656 2613 682 2636 s.
698 2601 748 2635 IV
763 2605 795 2644 6,
812 2604 865 2635 11.

171 2650 211 2683 in
238 2649 411 2684 bonorum
433 2669 475 2674 ——
496 2659 614 2684 errore
634 2669 677 2672 —-
698 2652 866 2689 versetur,

124 2695 203 2730 sich
229 2695 295 2730 auf
318 2696 377 2730 ein
404 2695 672 2740 eingebildetes
699 2694 774 2730 Gut
804 2694 866 2728 be-

125 2743 233 2778 2181111.
284 2743 335 2777 IV
361 2746 379 2784 ξ
403 2747 444 2777 12
472 2743 609 2777 laetitia
637 2745 669 2777 et
695 2742 807 2777 libido
826 2742 866 2777 in

125 2789 299 2824 bonorum
324 2790 493 2834 opinione
521 2792 723 2824 versantur.

171 2839 227 2871 44.
242 2837 359 2881 Atque
374 2838 494 2880 etiam,
509 2836 611 2872 ffihrt
627 2835 733 2872 einen
748 2847 867 2872 neuen

1557 1420 1692 1460 Solum

946 1568 1088 1603 Beweis
1109 1568 1168 1603 ein
1195 1585 1238 1597 =
1259 1572 1466 1612 praeterea,
1493 1569 1589 1603 ohne
1610 1568 1690 1603 dass

945 1615 1081 1660 gerade
1117 1616 1198 1650 eine
1226 1614 1446 1660 Steigerung
1478 1615 1595 1650 damit
1627 1625 1688 1650 311-

946 1663 1113 1706 gegeben
1132 1662 1193 1698 ist.
1226 1662 1261 1696 S.
1283 1662 1441 1707 Seyffert
1461 1661 1584 1698 Schol.
1605 1663 1684 1697 Lat.

944 1710 959 1743 I
985 1721 1019 1753 p.
1047 1713 1104 1745 21.
1132 1730 1175 1734 —
1202 1710 1340 1744 Kiirzer
1372 1709 1477 1755 giebt:
1502 1709 1574 1745 Cio.
1603 1709 1690 1744 den-

944 1757 1071 1791 selben
1091 1756 1233 1792 Beweis
1258 1757 1303 1791 de
1321 1757 1383 1792 fin.
1405 1756 1457 1791 III
1476 1759 1508 1801 8,
1529 1760 1574 1791 27
1595 1757 1691 1801 quod

943 1807 993 1838 est
1012 1804 1162 1846 bonum,
1183 1814 1284 1838 omne
1302 1804 1487 1839 laudabile
1507 1807 1574 1847 est,
1594 1804 1691 1849 quod

943 1854 1062 1886 autem
1082 1851 1266 1886 laudabile
1291 1854 1359 1894 est,
1385 1861 1486 1886 omne
1510 1854 1561 1886 est
1585 1851 1690 1886 lume-

942 1901 1055 1932 stum:
1088 1898 1219 1933 bonum
1245 1898 1362 1942 iyitur
1379 1898 1475 1943 quod
1494 1901 1555 1941 est,
1582 1898 1689 1933 hom·

942 1948 1036 1979 stum
1062 1948 1121 1980 est.
1165 1945 1249 1990 Vgl.
1277 1945 1383 1990 Diog.
1410 1944 1477 1979 VII
1505 1945 1605 1988 9811,
1631 1955 1688 1980 wo

943 1992 1003 2026 die
1036 1992 1226 2027 einzelnen
1262 1991 1422 2036 Begriffe
1459 1991 1689 2036 besprochen

942 2039 1101 2073 werden.

990 2086 1083 2120 bona
1116 2089 1328 2128 mcmerant,
1368 2098 1410 2120 zu
1443 2085 1516 2120 den
1547 2084 1687 2120 Gfitern

942 2133 1114 2167 reehnen.
1165 2143 1357 2168 numerare
1381 2132 1451 2167 111113
1472 2132 1687 2176 doppeltem

942 2179 1142 2214 Accusativ
1174 2181 1268 2214 statt
1305 2180 1369 2214 des
1401 2179 1687 2224 gewohnlichen

941 2237 1132 2262 numerare
1156 2228 1197 2261 in
1224 2226 1294 2262 wie
1320 2227 1368 2261 ad
1395 2227 1482 2261 fam.
1508 2225 1577 2260 XII
1603 2229 1636 2270 2,
1662 2229 1682 2260 3

940 2274 1095 2318 reliquos
1120 2283 1195 2308 nou
1219 2284 1368 2308 ‘numero
1395 2273 1611 2309 consulares.

987 2320 1113 2356 Solum
1139 2322 1264 2365 iyitur.
1317 2320 1390 2355 Cic.
1416 2320 1483 2355 hat:
1508 2319 1598 2354 zwei
1617 2320 1684 2354 Be-

940 2367 1070 2409 weise,
1111 2369 1145 2412 1)
1183 2367 1264 2402 dass
1301 2379 1370 2402 nur
1407 2367 1473 2401 das
1512 2366 1685 2402 Sittliche

942 2414 1002 2449 ein
1029 2414 1103 2449 Gut
1130 2414 1199 2459 sei,
1225 2414 1310 2449 weil
1336 2425 1374 2449 es
1401 2414 1515 2449 allein
1539 2413 1684 2448 lobene-

941 2462 1035 2495 wert,
1077 2461 1152 2496 und
1189 2461 1281 2496 alles
1321 2461 1416 2496 Gute
1459 2461 1685 2496 lobenswert

942 2507 1013 2552 sei,
1040 2508 1116 2542 und
1142 2511 1176 2551 2)
1204 2508 1282 2543 dass
1303 2508 1425 2543 niehts
1446 2507 1506 2543 ein
1525 2507 1600 2542 Gut
1619 2507 1683 2551 sei,

940 2555 978 2589 in
1004 2536 1136 2590 dessen
1169 2555 1291 2590 Besitz
1318 2555 1474 2600 jemand
1505 2554 1685 2599 unglfick·

940 2602 1016 2636 lieh
1042 2601 1118 2636 sein
1144 2602 1285 2646 kt5nne,
1319 2601 1424 2637 nieht
1448 2613 1569 2647 genau
1600 2611 1683 2635 aus—

940 2648 1118 2684 einander
1143 2649 1329 2694 gehalten.
1378 2649 1453 2683 Fiir
1477 2649 1548 2684 den
1577 2646 1683 2683 zwei—

938 2697 1002 2730 ten
1028 2695 1170 2731 Beweis
1201 2697 1274 2741 vgl.
1306 2695 1416 2751 Diog.
1443 2694 1514 2730 VII
1543 2699 1607 2730 103
1634 2691 1682 2734 ὡς

939 2740 1009 2786 γὰρ
1038 2743 1134 2777 ἴδιον
1153 2743 1298 2797 θερμοῦ
1319 2740 1360 2777 τὸ
1380 2744 1614 2799 θερμαίνειν,
1635 2738 1679 2776 οὐ

939 2787 980 2823 τὸ
1016 2797 1171 2834 ψυχειν,
1210 2788 1305 2824 οὕτω
1344 2789 1408 2824 καὶ
1447 2787 1598 2846 ἀγαθοῦ
1637 2786 1678 2823 τὸ

940 2833 1119 2880 ὠφελεῖν,
1147 2833 1190 2872 οὔ
1218 2834 1258 2871 τὸ
1286 2833 1478 2882 βῖαπτειν
1521 2849 1565 2871 ου
1593 2835 1681 2881 μᾶλ-
