1790 3103
319 92 714 129 TUSCULANARUM
741 91 1137 128 DISPUTATIONUM
1166 93 1226 127 IV.
1255 97 1404 128 29—32.
1585 93 1639 135 67

86 204 157 244 Est
188 210 319 243 autem
346 203 535 255 quaedam
561 203 680 241 animi
707 203 868 253 sanium,
901 213 998 252 quae
1033 203 1071 239 in
1099 203 1347 253 insipientem
1376 205 1491 242 etiam
1519 203 1640 254 cadat,

92 275 182 302 cum
227 264 429 301 curatione
476 261 716 299 medicorum
768 259 1015 298 conturbatio
1066 262 1207 298 mentis
1252 262 1439 300 aufertur.
1503 261 1551 300 Et
1598 268 1694 301 ut31

84 322 263 372 corporis
296 325 355 359 est
387 320 574 371 quaedam
608 324 694 370 apta
727 319 848 369 figura
875 317 1142 356 membrorum
1177 330 1265 356 cum
1299 319 1440 357 coloris
1474 320 1639 371 quadam

84 381 272 419 suavitate
306 390 428 430 eaque
463 378 606 416 dicitur
638 376 907 428 pulchritudO,
947 377 1002 414 sic
1035 378 1072 414 in
1106 377 1233 414 animo
1273 378 1500 427 opinionum
1540 379 1637 417 iudi-

83 439 312 488 ciorumque
364 436 617 487 aequabilitas
669 442 707 474 ct
757 436 974 474 constantia
1019 446 1108 472 cum
1154 435 1336 474 firmitate
1385 436 1548 485 quadam
1601 443 1639 475 cet

82 495 293 534 stabilitate
333 497 516 534 virtutem
558 494 803 544 subsequens
844 499 910 532 aut
952 495 1107 532 virtutis
1150 495 1224 531 vim
1267 495 1389 544 ipsam
1433 497 1638 532 continens

80 553 332 606 pulchritudo
366 559 536 592 vocatur.
601 552 774 603 [temque
813 551 961 590 viribus
1003 553 1182 602 corporis
1224 558 1263 590 et
1306 553 1435 590 nervis
1478 558 1517 590 et
1557 553 1637 590 esti-

81 613 235 652 cacitati
277 612 424 651 similes
466 610 657 650 similibus
699 623 855 662 quoque
898 610 1027 648 verbis
1069 612 1187 649 animi
1230 612 1331 648 vires
1374 612 1637 649 nominantur.

80 669 273 710 Velocitas
305 676 434 709 autem
470 671 646 721 corporis
688 676 725 708 et
766 669 945 708 celeritas
985 669 1220 721 appellatur,
1263 681 1360 719 quae
1404 669 1538 707 eadem
1582 671 1638 707 in-

79 731 183 781 genii
228 731 343 768 etiam
386 729 469 767 laus
513 727 680 766 habetur
724 734 885 779 propter
929 729 1045 766 animi
1091 728 1302 766 multarum
1348 740 1480 766 rerum
1527 727 1636 766 brevi

81 793 256 839 tempore
288 788 595 838 percursionem.

195 845 292 884 lllud
329 847 547 883 animorum
585 856 875 896 corporumque
915 844 1123 896 dissimile,
1162 845 1264 895 quod
1304 846 1421 883 animi
1461 844 1633 883 valentes
1653 850 1705 889 14

77 903 215 942 morbo
247 905 430 955 temptari
457 916 534 942 uon
560 910 744 955 possunt,
777 915 941 955 corpora
968 909 1151 955 possunt,
1179 903 1246 941 scd
1274 915 1487 954 corporum
1514 904 1632 941 oll'en-

74 963 204 1001 siones
237 964 320 1001 sine
353 962 464 1013 culpa
498 963 675 1001 accidere
714 968 898 1014 possunt,
938 964 1157 1002 animorum
1199 974 1275 1000 non
1314 963 1426 1014 item,
1467 974 1634 1013 quorum

73 1033 208 1060 omnes
243 1020 368 1059 morbi
401 1026 440 1059 et
471 1020 788 1072 perturbationes
827 1033 871 1059 ex
913 1022 1185 1072 aspernatione
1225 1022 1387 1058 rationis
1428 1022 1633 1072 eveniunt,

76 1080 207 1130 itaque
240 1081 279 1118 in
312 1079 537 1117 hominibus
570 1079 695 1117 solum
729 1081 942 1131 exsistunt,
985 1092 1072 1117 nam
1106 1079 1253 1117 bestiae
1287 1079 1412 1117 simile
1453 1079 1636 1130 quiddam

76 1137 240 1190 faciunt,
273 1138 339 1176 sed
381 1139 420 1175 in
459 1137 777 1189 perturbationes
817 1150 894 1176 non
932 1138 1122 1176 incidunt.

122 1250 193 1284 Est
233 1254 350 1284 autem
389 1251 564 1294 quaedam
594 1252 663 1284 cet.
714 1250 820 1284 Nach

75 1297 141 1332 der
190 1297 396 1341 popularen
443 1297 682 1341 Vorstellung
738 1297 821 1330 sind

73 1343 146 1378 alle
190 1343 350 1389 gesund,
401 1344 542 1379 welche
592 1344 697 1378 nicht
747 1355 820 1378 von

75 1389 472 1426 Geisteskrankheiten
497 1390 669 1425 behaftet
695 1390 787 1425 sind.

123 1447 202 1472 cum
224 1458 265 1462 —-
288 1438 472 1481 aufertur,
499 1437 640 1472 welche
667 1437 819 1472 allemal

73 1483 172 1519 daun
192 1485 373 1527 entsbeht‚
396 1495 503 1519 wenn
521 1484 698 1529 beseitigt
715 1484 816 1519 wird

72 1531 237 1566 Deshalb
265 1532 365 1566 steht]
391 1532 456 1566 das
483 1532 650 1566 Ρτὶιεεηε.

119 1582 175 1613 31.
202 1578 255 1612 Et
280 1582 321 1612 ut
347 1580 518 1622 corporis.
571 1579 674 1614 Stoi).
694 1579 761 1613 ecl.
783 1578 817 1612 ΙΙ

71 1636 122 1679 p.
148 1629 213 1659 110
252 1621 371 1668 ω’ςπερ
414 1638 453 1659 τε
500 1622 540 1659 τὸ
581 1622 713 1664 καλλος
752 1626 817 1659 τοῦ

73 1669 242 1716 σώματός
271 1669 348 1706 ἔστι
374 1673 576 1727 συμμετρία
603 1672 675 1705 τῶν
697 1672 817 1716 μελῶν

71 1716 322 1753 καθεστώτων
348 1715 449 1753 αὐτῶ
477 1715 569 1759 πρὸς
603 1716 742 1762 ἄλληλά
777 1731 815 1753 τε

70 1765 135 1799 καὶ
161 1777 255 1808 ποῦς
281 1778 322 1800 το
350 1756 456 1824 ὅλον,
483 1778 579 1800 ovtm
600 1766 663 1799 καὶ
684 1778 724 1800 2⁹0
752 1766 818 1809 τῆς

72 1812 196 1855 ψυχῆς
231 1809 363 1852 κάλλος
399 1793 474 1847 ἐστὶ
510 1813 712 1856 συμμετρία
749 1813 814 1847 τοῦ

69 1856 184 1902 λόγου
210 1872 242 1895 κ.
268 1872 298 1894 τ.
325 1862 353 1893 λ.
404 1859 488 1904 Vgl.
509 1860 554 1894 de
576 1859 634 1894 off.
654 1859 742 1903 128,
757 1862 813 1895 98.

118 1907 285 1940 virtutem
310 1907 523 1950 subsequens
548 1910 613 1940 aut
640 1908 727 1949 eet„
754 1906 813 1940 die

71 1952 260 1987 entweder
297 1953 377 1987 eine
413 1953 528 1998 Folge
567 1953 632 1987 der
657 1953 813 1998 Tugend

69 1999 118 2034 ist
156 2000 246 2034 oder
284 2000 349 2034 das
383 2000 516 2035 Wesen
553 2000 618 2034 der
656 2000 813 2045 Tugend

69 2045 185 2081 selbst
216 2046 254 2080 in
286 2046 365 2081 sich
398 2046 573 2081 schlierst.
625 2047 670 2081 de
704 2046 762 2082 off.
796 2047 812 2080 Ι

70 2096 126 2136 27,
152 2096 198 2127 94
227 2093 413 2138 Quidquid
442 2097 491 2128 est
516 2095 609 2128 enim
634 2095 730 2138 qnod
754 2095 813 2129 de-

70 2143 164 2180 ceat,
202 2141 242 2175 id
275 2143 352 2174 tum
389 2145 561 2185 apparet,
599 2152 679 2175 cum
714 2145 814 2176 ante-

68 2197 190 2231 gressa
214 2191 264 2221 est
287 2187 463 2222 honestas.

116 2233 283 2268 velocitas
326 2254 370 2259 —
415 2238 447 2268 et
491 2235 653 2269 celeritas
696 2235 812 2278 appel.

71 2279 361 2324 ‘Behendigkeit
413 2281 477 2315 des
528 2281 688 2325 Korpers
738 2281 813 2315 und

71 2326 340 2371 Schnelh'gkeit
355 2326 468 2362 heisst
486 2327 545 2363 die
559 2327 812 2371 Eigenschaft,

69 2373 128 2408 die
172 2374 250 2408 sich
295 2373 430 2409 ebenso
469 2374 524 2408 als
562 2374 709 2419 Vorzug
747 2375 812 2409 der

71 2419 175 2455 Seele
200 2420 343 2455 findet'.
393 2422 575 2465 appellari
600 2422 650 2455 ist,
676 2423 811 2457 ebenso

70 2467 290 2512 gebraucht‚
317 2468 386 2502 wie
412 2468 427 2502 I
454 2472 493 2510 9,
526 2472 570 2502 21
603 2469 813 2513 frustraque

70 2515 250 2549 animalia
298 2518 330 2549 et
372 2516 576 2550 animantes
619 2516 810 2560 appellari.

72 2561 119 2596 ad
143 2561 221 2595 Att.
248 2561 265 2594 I
293 2566 346 2604 16,
376 2565 419 2596 10
446 2561 576 2607 Regem
601 2563 773 2606 appellas.

117 2608 216 2643 brevi
239 2612 393 2652 tempore
411 2610 689 2652 percursionem.
742 2609 812 2643 Μὴ

70 2653 153 2689 dem
180 2655 529 2690 Verbalsubstantiv
573 2656 673 2690 kann
717 2656 811 2690 auch

70 2700 129 2736 ein
161 2702 385 2746 temporaler
413 2701 566 2737 Ablativ
597 2702 811 2737 verbunden

70 2749 229 2784 werden.
287 2749 366 2783 Liv.
402 2749 488 2783 XXI
516 2753 570 2792 16,
597 2753 617 2782 2
653 2753 703 2784 tot
737 2760 811 2784 *tino

70 2797 223 2838 tempore
246 2796 400 2831 motibus
425 2797 542 2831 animi
566 2796 714 2830 turbati.

117 2841 208 2886 Kap.
249 2842 311 2877 14.
362 2844 479 2877 animi
521 2844 683 2877 valentes.
742 2843 810 2877 Die

1186 1137 1292 1176 Inter
1331 1144 1465 1177 acutos
1506 1143 1634 1176 autem

895 1250 1049 1294 Tugend
1064 1251 1113 1285 ist
1127 1251 1223 1285 nach
1240 1250 1304 1284 der
1319 1251 1505 1285 stoischen
1519 1250 1636 1284 Lehre

893 1297 1164 1339 unverlierbar,
1209 1298 1283 1331 und
1328 1297 1393 1331 der
1431 1296 1537 1332 Geist
1573 1298 1636 1331 des

893 1344 1062 1387 Weisen,
1115 1344 1179 1378 der
1223 1345 1359 1378 einmal
1404 1344 1522 1388 vollig
1566 1356 1637 1379 von

893 1391 1051 1425 Fehlern
1072 1391 1208 1426 befreit
1225 1391 1291 1434 ist,
1313 1391 1412 1426 kann
1431 1391 1536 1425 nicht
1555 1391 1635 1425 dar-

892 1437 950 1472 ein
977 1438 1239 1473 zuriickfallen.
1285 1438 1319 1473 S.
1347 1438 1381 1472 ΙΙ
1410 1442 1464 1481 14,
1484 1441 1539 1472 32.
1585 1438 1635 1471 ΙΙΙ

891 1488 922 1527 5,
955 1490 1006 1519 11.
1059 1484 1142 1519 Sen.
1170 1496 1224 1529 ep.
1255 1489 1310 1527 72,
1337 1490 1357 1520 6
1384 1485 1466 1520 Hoc
1492 1487 1636 1520 interest

891 1533 984 1566 inter
1004 1537 1269 1567 consummatae
1288 1533 1491 1576 sapientiae
1516 1533 1636 1567 virum

889 1583 921 1613 et
947 1580 1061 1613 alium
1077 1580 1322 1623 procedentis,
1348 1580 1444 1623 quod
1464 1581 1559 1613 inter
1577 1590 1635 1614 sa-

890 1637 977 1659 num
1002 1630 1034 1660 et
1059 1637 1102 1660 eoe
1128 1627 1249 1660 morbo
1279 1627 1385 1670 yravi
1417 1637 1460 1661 ac
1491 1627 1635 1661 diutino

889 1677 1135 1717 emeryentem,
1176 1674 1235 1707 cui
1268 1674 1441 1708 sanitatis
1475 1674 1550 1708 loco
1585 1677 1635 1708 est

891 1720 1000 1754 levior
1015 1721 1186 1754 accessio:
1206 1721 1263 1754 hic
1282 1721 1357 1754 nisi
1371 1721 1536 1762 attendit,
1550 1721 1634 1755 sub-

892 1767 974 1801 inde
1011 1770 1187 1811 yravatur
1225 1771 1257 1801 et
1294 1769 1335 1801 in
1372 1768 1492 1802 eadem
1523 1768 1633 1802 revol-

890 1815 1004 1855 vitur,
1035 1815 1181 1858 sapiens
1212 1815 1367 1849 recidere
1398 1825 1472 1849 non
1505 1818 1633 1858 potest,

889 1871 930 1894 ne
964 1861 1124 1895 incidere
1160 1862 1301 1906 quidem
1328 1862 1494 1905 amplius.
1548 1861 1632 1896 Gor-

881 1909 968 1952 pori
994 1909 1088 1942 enim
1114 1909 1162 1943 ad
1188 1912 1326 1952 tempus
1351 1909 1446 1943 bona
1467 1909 1633 1943 valetudo

886 1958 936 1988 est
961 1968 1024 1988 —.·
1050 1956 1195 1989 animus
1226 1956 1329 1990 semel
1360 1956 1400 1990 in
1432 1959 1545 1990 totum
1576 1965 1633 1990 sa—

888 2005 1009 2036 natur.

933 2059 1123 2093 corporum
1152 2050 1381 2092 offensiones,
1409 2049 1442 2084 d.
1463 2050 1484 2084 i.
1507 2050 1631 2083 morbi.

887 2095 954 2129 Die
981 2106 1009 2130 c.
1040 2100 1083 2130 10
1108 2109 1143 2131 u.
1173 2101 1214 2131 11
1243 2095 1480 2141 ausgestellte
1502 2095 1632 2130 Unter—

887 2141 1091 2188 scheidung
1146 2143 1327 2177 zwischen
1383 2143 1498 2177 morbi
1554 2142 1629 2176 und

887 2190 1101 2232 offensiones
1126 2190 1176 2224 ist
1201 2190 1283 2224 hier
1301 2189 1606 2234 vernachlassigt-.

934 2247 1019 2270 nam
1046 2237 1185 2271 bestiae.
1236 2236 1292 2270 Da
1319 2236 1377 2270 die
1402 2236 1549 2271 Stoiker
1572 2236 1631 2270 die

886 2281 1197 2318 Leidenschaf‘oen
1223 2284 1277 2317 als
1303 2283 1445 2318 falsche
1465 2283 1631 2318 Vorstel-

885 2329 1025 2374 lungen
1051 2330 1230 2373 ansahen,
1257 2330 1332 2364 und
1357 2330 1464 2364 ihren
1492 2330 1567 2365 Sitz
1593 2330 1631 2364 in

885 2376 955 2410 den
983 2376 1202 2411 denkenden
1223 2377 1304 2411 Teil
1330 2377 1395 2412 der
1422 2377 1528 2412 Seele
1553 2376 1630 2421 leg—

884 2423 964 2467 ten,
997 2435 1036 2459 so
1063 2423 1225 2458 mussten
1257 2425 1308 2458 sie
1345 2424 1535 2458 dieselben
1560 2424 1630 2458 den

885 2469 1018 2506 Tieren
1051 2470 1298 2515 absprechen;
1338 2471 1397 2505 die
1431 2470 1630 2505 iihnlichen

885 2516 1019 2552 Triebe
1047 2519 1111 2552 der
1130 2518 1237 2552 Tiere
1261 2517 1344 2552 sind
1364 2516 1627 2561 natmgemffls,

884 2564 944 2598 die
971 2564 1286 2600 Leidenschaften
1310 2564 1567 2609 naturwidrig.

931 2612 1048 2646 simile
1072 2612 1161 2656 quid
1186 2612 1348 2654 faciunt,
1376 2611 1410 2646 d.
1437 2611 1460 2645 i.
1485 2612 1628 2652 habent,

880 2659 1090 2701 patiuntur.
1141 2658 1216 2693 Das
1249 2657 1473 2703 allgemeine
1511 2658 1628 2700 facere

884 2706 1050 2749 vertritt,
1071 2716 1178 2740 wenn
1198 2705 1257 2740 die
1277 2705 1490 2747 Beziehung
1513 2703 1626 2737 durch

885 2750 955 2785 den
977 2751 1300 2795 Zusammenhang
1326 2751 1407 2784 klar
1432 2750 1496 2792 ist,
1520 2749 1626 2794 jedes

884 2799 1019 2833 andere
1046 2798 1220 2833 Verbum.
1267 2798 1311 2831 de
1339 2797 1409 2830 div.
1442 2797 1458 2830 Ι
1484 2800 1546 2839 24,
1582 2801 1625 2830 49

883 2847 959 2879 tum
984 2846 1016 2880 ei
1042 2846 1165 2879 ducem
1184 2845 1288 2879 illum
1311 2844 1552 2887 praecepisse,
1588 2854 1628 2877 ne

1295 2902 1342 2935 5*
