1790 3103
302 95 696 131 TUSCULANARUM
723 95 1122 131 DISPUTATIONUM
1152 97 1210 131 lV.
1241 100 1340 130 1—3.
1537 96 1588 136 51

37 219 82 249 ac
113 207 394 258 temperatione
427 207 593 245 civitatis
625 204 847 255 loquamur:
886 204 969 242 aliis
1008 204 1102 242 haec
1142 205 1238 243 locis
1279 207 1371 244 satis
1411 211 1591 244 accurate

37 278 58 306 a
90 265 202 305 nobis
235 265 335 304 dicta
369 270 460 303 sunt
491 265 736 314 maximeque
770 264 807 301 in
841 264 888 301 iis
915 274 982 300 sex
1009 262 1137 313 libris,
1170 275 1268 312 quos
1295 264 1341 302 de
1370 277 1410 302 re
1438 263 1591 314 publica

37 325 278 376 scripsimus.
340 322 422 361 Hoc
466 327 595 361 autem
642 322 728 360 loco
772 321 1035 359 consideranti
1082 320 1175 358 mihi
1217 322 1343 359 studia
1390 322 1626 360 doctrinae-2

36 382 158 422 multa
190 394 281 421 sane
315 386 531 420 occurrunt
562 392 633 418 cur
659 392 703 418 ea
730 392 886 431 quoque
914 380 1099 417 arcessita
1126 378 1281 417 aliunde
1310 392 1436 429 neque
1465 381 1590 418 solum

36 442 225 492 expetita,
257 440 325 478 sed
358 441 473 478 etiam
506 444 734 477 conservata
771 443 809 476 et
841 437 943 476 culta
977 437 1191 475 videantur.
1254 437 1347 475 Erat
1381 439 1482 475 enim
1517 438 1592 476 illis

35 511 158 552 paene
203 500 242 537 in
287 504 500 549 conspectu
540 498 752 548 praestanti
792 498 980 547 sapientia
1027 502 1066 534 et
1105 495 1304 534 nobilitate
1344 495 1593 548 Pythagoras,

36 559 104 610 qui
148 558 222 596 suit
266 558 304 595 in
352 556 458 595 ltalia
503 555 746 606 temporibus
791 555 932 605 isdem,
977 554 1120 605 quibus
1158 554 1198 593 L.
1238 554 1384 592 Brutus
1429 556 1593 605 patriam

34 615 230 668 liberavit,
281 615 505 666 praeclarus
554 619 691 652 auctor
742 613 954 652 nobilitatis
1005 619 1104 651 tuae.
1175 612 1416 664 Pythagorae
1463 618 1591 651 autem

35 674 213 714 doctrina
244 686 334 713 cum
366 673 479 723 longe
512 672 666 722 lateque
704 672 861 723 flueret,
900 673 1188 722 permanavisse
1227 671 1321 710 mihi
1361 671 1515 709 videtur
1554 673 1592 709 in

33 732 134 772 hanc
166 734 379 783 civitatem,
416 731 534 781 idque
567 742 656 769 cum
689 732 915 769 coniectura
954 729 1154 781 probabile
1194 736 1271 780 est,
1311 737 1392 769 tuin
1432 729 1592 780 quibus-

34 791 123 830 dam
155 793 271 830 etiam
303 791 476 840 vestigiis
508 788 713 827 indicatur.
778 788 874 834 Quis
907 790 1009 827 enim
1043 794 1103 827 est
1135 790 1201 839 qui
1236 794 1362 839 putet,
1403 801 1492 826 eum
1526 788 1592 826 ilo-

36 856 143 889 reret
175 851 214 888 in
246 848 353 887 Italia
386 847 547 886 Graecia
578 849 864 898 potentissimis
902 853 941 885 et
976 849 1153 885 maximis
1187 846 1369 896 urbibus,
1410 860 1453 885 ea
1493 858 1591 897 qnae

34 919 174 959 magna
200 907 302 946 dicta
329 912 406 959 est,
437 908 477 944 in
504 908 630 957 iisque
657 908 826 957 primum
854 907 977 957 ipsius
1004 906 1263 957 Pythagorae,
1289 905 1429 944 deinde
1458 911 1592 956 postea

33 966 370 1018 Pythagoreorum
398 970 547 1004 tantum
574 977 716 1003 nomen
743 970 865 1016 esset,
897 971 1123 1003 nostrorum
1151 965 1352 1003 hominum
1380 964 1426 1002 ad
1455 976 1590 1002 eorum

34 1025 280 1064 doctissimas
306 1035 420 1062 voces
447 1035 563 1062 aures
589 1023 740 1062 clausas
767 1021 917 1062 fuisse?
962 1023 1064 1068 Quin
1091 1025 1207 1061 etiam
1234 1022 1404 1061 arbitror
1430 1028 1626 1074 propter3

33 1083 369 1135 Pythagoreorum
408 1082 702 1120 admirationem
741 1082 904 1120 Numam
945 1094 1101 1132 quoque
1141 1094 1272 1132 regem
1306 1081 1593 1131 Pythagoreum

34 1154 55 1180 a
93 1141 381 1193 posterioribus
419 1142 702 1179 existimatum:
740 1152 828 1178 nam
869 1152 957 1178 cum
996 1140 1236 1191 Pythagorae
1277 1140 1520 1190 disciplinam
1555 1145 1593 1178 et

33 1201 213 1239 instituta
257 1205 542 1250 cognoscerent
582 1200 766 1249 regisque
812 1200 896 1237 eius
940 1200 1177 1249 aequitatem
1221 1204 1260 1237 et
1305 1200 1534 1249 sapientiam
1573 1210 1593 1236 a

32 1258 246 1297 maioribus
287 1259 368 1296 suis
406 1258 669 1309 accepissent,
711 1262 856 1296 aetates
894 1263 1024 1296 autem
1069 1263 1108 1295 et
1152 1262 1328 1308 tempora
1366 1258 1594 1307 ignorarent

31 1323 195 1369 propter
221 1321 472 1367 vetustatem,
505 1327 612 1366 eum,
646 1317 713 1366 qui
741 1317 929 1366 sapientia
956 1315 1184 1367 excelleret,
1216 1315 1458 1366 Pythagorae
1486 1315 1591 1353 audi-

33 1381 158 1415 torem
181 1375 435 1414 crediderunt
455 1374 587 1413 fuisse.
626 1373 674 1413 Et
695 1374 742 1412 de
763 1376 988 1413 coniectura
1011 1374 1169 1425 quidem
1189 1374 1389 1412 hactenus.
1423 1373 1591 1424 Vestigia
1607 1372 1633 1412 2

36 1440 167 1473 autem
210 1433 547 1485 Pythagoreorum
593 1445 829 1484 quamquam
874 1432 993 1471 multa
1038 1433 1179 1483 conligi
1224 1439 1408 1484 possunt,
1458 1434 1593 1484 paucis

33 1498 164 1532 tamen
203 1499 380 1543 utemur,
425 1493 609 1542 quoniam
649 1504 726 1530 non
765 1491 802 1530 id
842 1493 970 1542 agitur
1008 1491 1082 1530 hoc
1124 1497 1312 1543 tempore.
1374 1491 1471 1529 Nam
1504 1503 1594 1530 cum

35 1550 275 1590 carminibus
307 1550 411 1589 soliti
449 1550 502 1588 illi
536 1562 622 1588 esse
655 1550 835 1589 dicantur
868 1556 906 1589 et
936 1556 1145 1601 praecepta
1178 1550 1367 1601 quaedam
1400 1550 1593 1588 occultius

82 1644 114 1674 2.
142 1640 330 1682 arcessita,
351 1639 514 1675 namlich
534 1640 572 1674 in
593 1650 632 1674 so
654 1639 778 1674 frfiher

37 1687 118 1722 Zeit.
160 1687 215 1720 als
241 1687 469 1731 Verfassung
512 1687 587 1721 und
630 1685 778 1731 Kriegs-

35 1744 159 1768 wesen
185 1734 419 1778 ausgebildet
443 1734 579 1768 wurde.

80 1781 286 1824 nobilitate,
319 1780 484 1816 n'ztmlich
515 1781 634 1823 famae
660 1783 691 1814 et
716 1791 777 1815 *no-

33 1828 160 1870 minis,
197 1827 367 1863 dasselbe
406 1827 474 1862 wie
516 1828 730 1863 auctoritate
763 1828 776 1861 Ι

34 1878 96 1918 16,
123 1877 179 1909 38.

80 1922 144 1965 qui
167 1921 243 1964 fuit
269 1922 337 1955 cet.
379 1921 412 1956 S.
431 1934 458 1955 z.
478 1921 491 1954 Ι
509 1925 563 1965 16,
578 1925 633 1956 38.
672 1921 778 1956 Nach

33 1967 98 2002 der
146 1967 431 2013 gewohnlichen
474 1968 627 2012 Angabe
677 1968 778 2003 starb

32 2014 264 2060 Pythagoras
290 2019 358 2049 510
385 2027 427 2049 zu
452 2014 604 2050 Kroton.

81 2065 208 2097 auctor
223 2062 425 2097 nobilitatis
440 2065 534 2104 tuae
545 2062 609 2096 der
619 2062 776 2097 Stamm-

31 2110 139 2143 vater
152 2109 277 2143 deines
287 2109 513 2143 vornehmen
523 2109 775 2145 Geschleehts.

82 2155 184 2200 Ionye
209 2156 347 2200 lateque
369 2157 503 2199 flueret
554 2155 622 2190 Die
642 2156 775 2200 pytha-

35 2202 254 2246 goraischen
290 2201 448 2237 Vereine
492 2201 659 2237 bildeten
705 2203 776 2237 den

33 2247 183 2293 Mittelp
187 2248 280 2283 unkt
335 2249 399 2284 der
446 2249 776 2284 aristokratischen

33 2294 207 2330 Parteien
238 2295 312 2330 und
347 2296 611 2330 beherrschten
643 2307 683 2330 so
716 2296 775 2330 die

35 2341 229 2378 dorischen
256 2342 387 2377 Stadte
414 2342 692 2386 Unteritaliens‚
718 2342 775 2377 bis

34 2388 86 2424 sie
111 2400 185 2424 von
210 2389 274 2423 der
299 2389 538 2424 Demokratie
567 2389 775 2425 vertrieben

34 2435 198 2471 wurden.

82 2486 114 2519 3.
148 2483 311 2517 Numam
354 2493 491 2527 quoque
533 2494 656 2528 regem.
707 2483 776 2517 Die

37 2527 129 2574 Sage
154 2530 205 2564 ist
230 2529 395 2564 dadurch
423 2530 662 2573 entstanden‚
699 2529 777 2564 dass

37 2575 142 2611 beide
185 2577 245 2610 fiir
289 2576 587 2622 wunderth'f'ztige
626 2578 778 2612 Miinner

36 2623 182 2668 gulten,
210 2623 269 2658 die
295 2623 364 2657 mil]
385 2623 539 2658 Gottern
564 2623 603 2658 in
628 2628 776 2668 person-

35 2668 170 2704 lichem
184 2669 354 2704 Verkehr
373 2670 546 2714 standen,
571 2671 647 2705 und
671 2671 777 2706 beide

37 2715 152 2751 durch
186 2716 348 2751 sittlich-
337 2716 531 2762 -religiose
567 2717 778 2763 Satzungen

36 2763 112 2797 und
142 2764 287 2808 strenge
313 2764 507 2809 Regelung
539 2764 602 2798 des
634 2765 777 2799 Lebens

37 2808 97 2844 die
121 2810 322 2845 Menschen
345 2823 389 2845 zu
415 2811 584 2846 erziehen
611 2811 775 2846 suchten.

39 2854 108 2890 Zur
136 2857 214 2892 Zeit:
251 2857 316 2892 der
354 2857 684 2903 Samniterkriege,
722 2859 776 2893 als

851 1639 921 1673 den
942 1639 1099 1674 Romern
1127 1639 1192 1674 das
1219 1639 1435 1683 delphische
1457 1639 1593 1674 Orakel

849 1686 1077 1730 vorschrieb‚
1094 1686 1177 1721 dem
1192 1686 1400 1722 Weisesten
1415 1687 1490 1720 und
1509 1687 1594 1720 dem

851 1733 1072 1777 Tapfersten
1114 1733 1178 1767 der
1216 1733 1398 1768 Griechen
1438 1733 1593 1767 Statuen

851 1792 894 1814 zu
921 1782 1058 1821 setzen,
1095 1781 1258 1815 wethlten
1283 1780 1335 1814 sie
1361 1780 1592 1824 Pythagoras

849 1827 924 1861 und
944 1827 1157 1862 Alcibiades
1177 1839 1260 1870 aus,
1281 1838 1423 1862 woraus
1443 1828 1594 1862 hervor-

850 1875 956 1918 geht,
991 1874 1070 1908 dass
1107 1874 1158 1908 sie
1194 1874 1336 1908 damals
1369 1875 1593 1918 wenigstens

851 1931 923 1955 von
956 1921 1039 1955 dem
1070 1920 1215 1966 grofsen
1242 1921 1492 1965 Philosophen
1518 1921 1590 1955 Un-

851 1968 1057 2002 teritaliens
1084 1967 1271 2013 wussten.„
1302 1967 1397 2002 Plin.
1433 1980 1467 2001 n.
1507 1968 1592 2002 hist.

850 2014 1004 2049 XXXIV
1044 2018 1104 2057 12,
1142 2019 1196 2049 26.
1247 2014 1373 2049 Altere
1411 2014 1592 2049 Kenntnis

851 2062 914 2096 des
948 2062 1176 2106 Pythagoras
1215 2062 1290 2096 und
1322 2061 1441 2096 seiner
1473 2062 1592 2095 Lehre

849 2108 937 2143 lasst
963 2109 1042 2143 sich
1072 2108 1210 2154 jedoch
1242 2108 1301 2143 bei
1335 2109 1405 2142 den
1431 2108 1593 2143 Romern

848 2155 953 2190 nicht:
965 2156 1210 2190 nachweisen.
1244 2154 1349 2190 Denn
1363 2166 1438 2190 was
1453 2154 1526 2190 Cic.
1541 2155 1592 2189 im

849 2203 938 2245 folg.
955 2203 1046 2246 Kap.
1062 2202 1269 2246 vorbringt,
1288 2202 1445 2237 beweist
1459 2202 1590 2236 nichts.

896 2249 988 2293 Kap.
1015 2249 1053 2284 2.
1099 2250 1331 2284 carminibus.
1371 2249 1439 2283 Die
1454 2248 1591 2283 Sitten-

850 2297 1007 2340 spriiche
1035 2295 1100 2330 der
1126 2296 1379 2340 Pythagorfier
1405 2307 1529 2330 waren
1554 2296 1592 2330 in

847 2343 1065 2378 metrischer
1083 2343 1203 2379 Form
1251 2343 1297 2378 So
1318 2342 1486 2377 erwiihnt
1504 2342 1593 2377 Dio-

848 2400 960 2434 genes
987 2390 1095 2425 einen
1122 2388 1221 2434 ίερὸς
1240 2388 1348 2434 λόγος
1371 2390 1434 2424 des
1454 2390 1591 2433 Pytha-

848 2448 976 2481 goraa,
1006 2437 1082 2471 und
1108 2437 1317 2472 ebendahin
1343 2437 1505 2481 geheren
1532 2436 1592 2471 die

848 2495 916 2518 uns
942 2484 1159 2519 erhaltenen
1184 2485 1300 2528 χρυσᾶ
1329 2483 1409 2527 ἔπη.
1437 2503 1482 2509 -
1506 2484 1592 2518 Man

848 2531 1006 2565 beaehte
1028 2531 1086 2565 die
1105 2531 1344 2565 wunderbare
1359 2531 1587 2575 Folgerung.

850 2577 949 2612 Weil
993 2578 1051 2612 die
1095 2577 1124 2610 P
1124 2578 1350 2623 ythagoraer
1393 2577 1591 2612 metrisehe

850 2625 1015 2669 Spriiche
1065 2625 1197 2660 hatten
1246 2625 1321 2659 und
1365 2624 1424 2658 die
1468 2624 1591 2658 Musik

849 2671 1031 2716 pflegten,
1058 2671 1117 2706 die
1137 2672 1273 2706 Romer
1299 2672 1388 2706 aber
1413 2671 1472 2705 die
1493 2671 1589 2703 Tha-

849 2720 912 2752 ten
945 2719 1009 2753 der
1040 2718 1248 2753 Vorfahren
1281 2729 1436 2762 sangen,
1468 2717 1591 2751 haben

848 2765 950 2846 {iese
977 2765 1036 2799 die
1056 2765 1369 2810 pythagor'aische
1390 2763 1508 2798 Lehre
1528 2774 1590 2808 ge-

877 2813 977 2847 aunt.

895 2862 1088 2902 praecepta
1121 2869 1177 2902 qu.
1208 2868 1277 2892 occ.
1330 2857 1380 2890 Zu
1413 2856 1498 2891 dem
1532 2867 1590 2890 en-

1261 2915 1308 2949 4*
