1790 3103
177 99 234 140 90

699 99 747 133 M.
775 98 933 134 TULLII
959 97 1211 134 CICERONIS

911 207 957 247 Se'
986 210 1144 256 quidem
1175 211 1226 246 sit
1258 207 1466 256 qzce'sqzca'm
1500 211 1614 258 dem,

297 269 366 306 cui
396 266 468 315 eye
500 269 573 305 sim
605 278 742 306 curae.

118 346 161 378 73
177 337 224 375 At
255 336 294 375 id
326 342 410 375 erat
442 337 525 375 deis
557 337 738 376 omnihus
772 337 1007 388 curandum,
1041 349 1157 387 quem
1183 336 1229 374 ad
1258 337 1415 375 modum
1442 337 1504 375 hic
1531 337 1733 377 frueretur

102 1233 159 1274 35

116 1285 160 1316 74

176 395 373 447 voluptate
407 398 603 435 amatoria.

294 467 382 505 Heu
415 478 477 505 me
510 465 730 514 infelicem!

175 536 277 574 Nihil
310 537 452 574 verius.
515 535 642 573 Probe
675 541 714 573 et
745 535 827 574 ille:

782 605 968 646 Scinusne
1000 618 1056 653 es,
1088 608 1159 654 qui
1189 605 1336 644 le'mere
1369 605 1617 645 lamentare?

176 676 247 715 Hic
279 678 440 714 insanus
474 675 628 713 videtui·
661 676 779 714 etiam
813 678 905 715 suis.

299 747 365 793 Te,

292 876 438 913 vosque
470 865 588 913 (ideo,
622 868 750 905 venti!

969 676 1018 715 At
1050 688 1145 727 quas
1178 676 1398 727 tragoedias
1431 675 1567 715 efficit!

410 746 548 794 Apollo
593 753 749 796 semele,
791 747 859 797 fe'r
904 760 1032 797 opem,
1078 753 1208 796 leque,
1254 746 1498 796 omnipotens
1542 748 1734 796 Neptune,
1785 779 1786 782 η

946 819 1104 853 mvoeo,

175 934 363 973 Mundum
406 941 533 973 totum
577 948 617 973 se
660 936 706 973 ad
749 947 922 973 amorem
967 947 1082 973 suum
1125 934 1406 972 sublevandum
1450 947 1736 974 conversurum
1787 928 1790 953 ⁴

175 997 303 1044 putat3
337 992 528 1032 Venerem
562 1006 678 1031 unam
712 993 884 1032 excludit
916 998 960 1031 ut
991 994 1182 1043 iniquam:
1787 999 1790 1011 ⁴

782 1075 874 1102 nam
907 1061 1007 1110 quid
1036 1074 1108 1110 eqo
1141 1068 1178 1100 te
1211 1061 1422 1111 appellem,
1465 1062 1619 1101 Venus?

173 1131 268 1169 Eam
299 1144 392 1182 prae
435 1131 609 1171 lubidine
650 1138 766 1184 negat
807 1144 946 1171 curare
986 1133 1214 1183 quicquam:
1255 1133 1367 1182 quasi
1407 1144 1498 1171 vero
1536 1134 1618 1185 ipse
1660 1145 1736 1173 non

174 1195 337 1242 propter
369 1190 585 1230 lubidinem
619 1197 724 1230 tanta
756 1192 900 1243 flagitia
932 1196 971 1230 et
1003 1191 1117 1229 faciat
1150 1196 1188 1229 et
1220 1190 1333 1229 dicat.
1788 1225 1790 1231 Α

295 1248 358 1287 Sic
397 1251 517 1300 igitur
559 1250 711 1289 adfecto
754 1251 850 1289 haec
891 1249 1108 1289 adhihenda
1151 1251 1302 1288 curatio
1345 1255 1423 1301 cst,
1465 1256 1508 1289 ut
1548 1256 1587 1289 et
1629 1250 1737 1305 illud,
1789 1287 1790 1296 ,

175 1308 278 1359 quod
313 1309 460 1361 cupiat,
494 1310 725 1348 ostendatur
766 1322 881 1361 quam
921 1309 1022 1360 leve,
1068 1320 1182 1359 quam
1228 1308 1576 1360 contemnendum,
1620 1322 1737 1361 quam
1788 1304 1790 1331 l

172 1366 268 1404 nihil
302 1368 353 1405 sit
384 1369 562 1420 omnine,
602 1381 718 1419 quam
751 1368 861 1407 facile
901 1367 960 1406 vel
999 1367 1154 1405 aliunde
1194 1366 1272 1416 [vel
1311 1366 1384 1405 alio
1425 1366 1560 1417 modo]
1599 1369 1737 1419 perfici
1789 1392 1790 1419 3

173 1425 232 1463 vel
265 1427 424 1464 omnino
457 1426 612 1477 neglegi
644 1429 778 1478 possit.

842 1425 1105 1465 Abducendus
1148 1427 1266 1464 etiam
1307 1431 1366 1464 est
1405 1438 1483 1464 non
1522 1438 1736 1478 numquam
1789 1421 1790 1456 Ϊ

173 1483 219 1521 ad
262 1483 335 1522 alia
377 1484 523 1536 studia,
563 1485 867 1538 sollicitudines,
906 1497 1037 1536 curas,
1076 1486 1249 1536 negotia,
1287 1483 1363 1522 loci
1401 1484 1570 1535 denique
1608 1491 1733 1525 muta-

170 1543 296 1594 tione,
340 1548 539 1594 tamquam
585 1546 735 1595 aegroti
780 1557 858 1583 non
897 1543 1232 1595 convalescentes,
1271 1554 1386 1594 saepe
1426 1544 1625 1583 curandus
1664 1549 1734 1584 est.

112 1610 156 1643 75
171 1600 298 1639 Etiam
331 1613 430 1639 novo
464 1603 622 1652 quidam
655 1615 787 1641 amore
820 1609 994 1641 veterem
1026 1614 1199 1640 amorem
1226 1608 1423 1652 tamquam
1450 1602 1556 1641 clavo
1583 1603 1736 1643 clavum

173 1659 393 1698 eiciendum
436 1666 587 1711 putant.

219 1777 272 1808 73.
314 1773 422 1808 Nihil
451 1775 590 1808 verius:
627 1775 716 1810 aber
741 1776 780 1809 in
805 1775 916 1810 ande—

168 1831 246 1854 rem
280 1819 390 1854 Sinne
423 1832 465 1854 zu
497 1822 712 1866 verstehen‚
752 1821 917 1857 n'itmlich

170 1877 300 1910 wegen
325 1867 446 1901 seiner
471 1868 748 1914 Verblendung.

220 1914 340 1948 Probe
359 1918 391 1948 et
410 1915 490 1949 ille:
511 1915 592 1949 eine
606 1916 754 1959 Person,
776 1916 916 1951 welche

170 1961 241 1995 den
280 1960 494 1995 Verliebten
534 1962 665 1997 tadelt.
706 1984 749 1988 —
789 1967 821 1997 et
858 1963 916 1997 fiir

169 2010 294 2049 etiam,
321 2019 347 2042 s.
375 2020 404 2041 z.
432 2008 485 2041 III
514 2013 576 2052 13,
604 2012 658 2044 28.

218 2055 423 2099 trayoedias
462 2055 584 2098 efficit.
634 2056 781 2091 Ebenso
821 2056 913 2090 wird

169 2105 262 2147 way.
302 2102 475 2145 excitare,
515 2113 668 2145 movere,
711 2114 814 2148 affere
851 2115 913 2147 ge-

168 2151 263 2184 sant.

211 2178 354 2238 ²}cmcte,
379 2196 413 2231 d.
440 2196 463 2230 i.
492 2192 618 2241 ἅγιος,
656 2196 715 2232 ein
741 2196 913 2241 Beiwort,

167 2242 234 2277 das
269 2243 353 2276 dem
379 2242 516 2287 Apollo
555 2244 661 2278 mehr
699 2244 754 2279 als
787 2244 914 2288 jedem

167 2289 329 2324 anderen
356 2289 467 2324 Gotte
492 2290 684 2336 beigelegt
709 2291 810 2326 wird.

213 2347 342 2380 vosque
361 2337 462 2379 αᾱεο,
484 2337 575 2371 ‘und
594 2338 653 2372 ihr
671 2339 769 2373 noch
790 2339 910 2374 dazu’.

168 2384 215 2418 So
243 2383 344 2418 steht
381 2384 469 2418 adeo
507 2384 634 2429 haufig
671 2386 732 2420 bei
770 2386 912 2420 {ilteren

166 2430 356 2465 Dichtern.
407 2430 499 2465 Enn.
521 2430 618 2465 Med.
641 2443 694 2466 ex.
714 2436 781 2467 237
809 2432 911 2476 (Rib-

166 2477 276 2521 beck)
303 2477 493 2521 Iuppiter,
525 2481 633 2522 tuque
666 2480 754 2514 adeo
779 2491 913 2514 summe

167 2524 240 2559 Sol.
291 2524 413 2559 Plaut.
459 2524 576 2559 Stich.
622 2525 654 2560 V
692 2530 730 2570 2,
772 2530 813 2562 16
860 2527 913 2562 ibi

165 2574 278 2605 vester
302 2575 405 2606 cenat
430 2582 511 2606 cum
535 2583 649 2607 uxore
667 2573 756 2608 adeo
782 2577 814 2608 et
834 2574 912 2608 An-

166 2619 277 2662 tipho.

213 2665 358 2709 flayz'tia
385 2685 427 2690 —
455 2666 572 2700 dicat:
599 2666 642 2701 de
670 2666 770 2701 deor.
797 2679 830 2701 n.
860 2667 911 2701 III

166 2716 229 2755 38,
262 2715 305 2746 91
342 2715 513 2756 portenta
547 2714 642 2748 enim
673 2714 719 2748 ab
750 2714 912 2758 utrisque

165 2762 198 2794 et
229 2759 375 2803 flagitia
412 2760 596 2795 dicuntur.
647 2761 793 2796 Ebenso
818 2761 911 2795 wird

166 2805 226 2840 ein
272 2806 452 2841 obscener
488 2806 684 2842 Ausdruck
728 2809 911 2853 flayitiunz

165 2854 338 2896 genannt.
389 2853 437 2888 ad
462 2853 548 2889 fam.
576 2854 626 2888 IX
651 2858 714 2898 22,
741 2859 773 2890 4.

650 1662 813 1700 Maxime
859 1668 989 1701 autem
1037 1660 1305 1699 admonendus
1350 1666 1424 1709 est,
1469 1666 1640 1712 quantus
1679 1664 1736 1715 ‘sit

1038 1774 1131 1818 Kap.
1158 1774 1221 1809 35.
1274 1777 1328 1809 74.
1368 1777 1409 1808 ut
1434 1777 1466 1809 et
1491 1775 1602 1810 illud:
1641 1776 1734 1811 stati}

991 1822 1053 1856 des
1075 1820 1229 1855 zweiten
1243 1820 1393 1855 Gliedes
1413 1821 1482 1856 mit
1501 1826 1534 1856 et
1552 1822 1651 1867 folgb
1670 1823 1734 1858 ab-

990 1869 1176 1903 ducendus
1200 1871 1250 1903 est
1275 1869 1399 1911 etiam,
1426 1880 1452 1902 s.
1480 1869 1532 1903 III
1557 1873 1590 1914 3,
1618 1873 1651 1904 5.
1700 1869 1735 1904 V

982 1915 1052 1958 33,
1079 1919 1136 1950 94.

1035 1963 1089 1997 vel
1115 1962 1282 2004 aliunde,
1307 1962 1342 1997 d.
1368 1962 1391 1997 i.
1418 1962 1534 1997 durch
1561 1961 1641 1997 eine
1668 1974 1732 1997 an-

989 2009 1075 2043 dere
1101 2009 1225 2045 Liebe.
1277 2010 1329 2044 vel
1355 2009 1429 2044 alio
1457 2010 1560 2044 modo
1592 2009 1732 2045 konnte

987 2068 1055 2090 nur
1081 2056 1247 2090 dasselbe
1274 2056 1458 2090 bedenten
1485 2056 1559 2090 und
1585 2056 1731 2091 scheinb

988 2102 1144 2138 cleshalb
1170 2102 1250 2136 eine
1278 2102 1408 2137 Glosse
1444 2115 1487 2137 zu
1511 2104 1662 2138 aliunde
1687 2115 1732 2138 zu

988 2150 1082 2193 sein,
1115 2161 1189 2184 was
1221 2161 1283 2183 um
1310 2160 1349 2184 so
1380 2150 1732 2185 wahrseheinlicher

987 2197 1054 2240 ist,
1088 2196 1142 2230 als
1172 2195 1244 2230 Cic.
1271 2196 1375 2230 nicht
1400 2207 1472 2231 von
1498 2197 1589 2232 zwei
1615 2197 1731 2232 durch

986 2245 1040 2279 vel
1079 2264 1121 2268 —
1157 2244 1211 2277 vel
1253 2243 1514 2278 verbundenen
1558 2244 1732 2280 Gliedern

988 2292 1056 2335 (vel
1074 2291 1204 2335 perfici
1230 2311 1273 2316 -—
1299 2291 1352 2325 vel
1377 2291 1528 2335 neyleyz')
1563 2291 1648 2325 dem
1674 2302 1731 2326 er-

986 2340 1067 2373 sten
1094 2337 1201 2372 einen
1227 2337 1382 2372 zweiten
1408 2337 1550 2383 Begriff
1577 2338 1646 2373 mil:
1676 2338 1733 2373 vel

984 2385 1178 2430 beigefiigt
1214 2384 1339 2419 haben
1371 2385 1516 2428 wiirde,
1553 2385 1729 2420 wodurch

985 2433 1081 2467 doch
1102 2431 1160 2466 die
1182 2431 1530 2476 Gleiehmassigkeit
1549 2432 1614 2467 der
1628 2431 1729 2467 Glie—

986 2480 1050 2514 der
1076 2480 1217 2524 gestari»,
1242 2479 1377 2514 wiirde.

1032 2537 1106 2561 non
1131 2527 1428 2568 convalescentes,
1461 2525 1520 2560 die
1552 2525 1631 2560 ihre
1659 2525 1726 2561 Ge-

987 2572 1162 2608 sundheit
1210 2572 1315 2607 nicht
1363 2571 1501 2607 wieder
1550 2573 1727 2618 erlangen

985 2621 1150 2664 konnen,
1188 2632 1216 2653 z.
1251 2620 1290 2654 B.
1329 2619 1599 2662 Brustkranke,
1639 2620 1728 2654 oder

985 2668 1044 2703 die
1077 2667 1156 2702 sich
1182 2678 1254 2702 von
1281 2666 1381 2701 einer
1406 2666 1554 2711 grossen
1579 2667 1726 2707 Krank-

984 2714 1063 2749 heit
1088 2714 1230 2748 schwer
1256 2714 1417 2748 erholen.

1033 2765 1087 2796 75.
1120 2762 1261 2796 clavum
1310 2761 1447 2809 clavo„
1479 2760 1625 2795 Ebenso
1674 2761 1726 2795 im

984 2807 1247 2843 Griechischen
1267 2803 1340 2854 ἥλῳ
1361 2804 1398 2851 γ’
1425 2808 1534 2852 ἡλον,
1559 2807 1724 2842 ntimlich

985 2852 1173 2899 ἐκκρούει,
1206 2854 1295 2889 oder
1325 2851 1512 2889 πάτταλον
1538 2851 1723 2902 παττάλῳ.
