1817 3103
11 294 15 297 ,
63 249 130 298 qui
167 249 206 286 in
246 259 335 285 eum
375 247 502 285 suerat
539 247 798 284 taeterrimus

329 78 732 114 TUSCULANARUM
758 77 1157 113 DISPUTATIONUM
1185 80 1208 112 I.
1237 84 1385 114 94—98.
1561 79 1614 120 57

65 201 142 240 quo
175 190 305 227 sonitu
339 188 490 226 reddito
523 187 705 226 adridens
738 183 936 238 ‘propino'
969 188 1096 236 inquit
1128 184 1215 224 ‘hoc
1251 189 1413 237 pith-hro
1447 186 1619 240 Critiae',

862 245 999 283 Graeci
1038 246 1140 283 enim
1181 248 1219 282 e'n
1259 248 1444 284 conviviis
1492 247 1619 285 solent

63 307 264 345 nominare
305 306 369 343 cui
408 304 591 355 poculum
632 304 812 342 tradituri
844 305 932 341 sint.
996 303 1106 341 Lusit
1140 305 1196 340 vir
1230 305 1409 353 egregius
1443 311 1617 343 extremo

63 365 222 415 spiritu,
260 375 348 401 cum
389 364 462 401 iam
500 362 740 413 praecordiis
779 367 1008 411 conceptam
1047 367 1212 399 mortem
1246 363 1478 412 contineret,
1511 376 1616 400 vere-

63 434 138 473 que
171 423 219 473 ei‚
251 423 312 460 cui
346 433 539 459 venenum
571 420 831 471 praebiberat,
864 426 1030 458 mortem
1064 432 1147 457 eam
1176 425 1234 457 est
1261 426 1487 470 auguratus,
1521 433 1617 470 quae

61 480 168 519 brevi
206 485 415 518 consecuta
449 485 519 517 est.
583 478 679 524 Quis
711 478 810 516 hanc
843 480 999 516 maximi
1038 480 1154 516 animi
1195 480 1429 528 aequitatem
1463 480 1501 516 iu
1535 480 1617 528 ipsa
1632 492 1674 522 97

62 544 188 577 morte
229 538 421 589 laudaret,
470 539 503 575 si
544 543 709 575 mortem
752 536 894 574 malum
944 534 1163 574 iudiCaret‘?
1224 535 1335 574 Vadit
1370 539 1408 574 in
1451 536 1618 574 eundem

62 608 262 636 carcerem
303 602 487 647 potatque
530 595 698 633 eundem
740 596 874 646 paucis
917 601 1005 645 post
1049 596 1159 632 annis
1197 595 1387 645 scyphum
1426 595 1619 646 Socrates,

64 655 200 694 eodem
243 654 390 693 scelere
432 654 605 692 iudicum
654 665 730 703 quo
777 659 1031 704 tyrannorum
1072 653 1347 691 Theramenes.
1412 654 1519 698 Quae
1561 659 1620 691 est

62 715 183 764 igitur
222 715 306 752 eius
345 714 486 764 oratio,
532 724 605 762 qua
651 713 743 750 l'acit
787 724 875 750 eum
915 712 1022 750 Plato
1062 724 1177 750 usum
1216 712 1316 762 apud
1357 712 1507 749 iudices
1545 713 1619 749 iam

62 778 190 810 morte
225 769 460 809 multatum?

180 827 330 881 ‘Magna
372 827 448 868 me'
488 831 616 880 inquit
658 826 763 879 ‘spes
800 834 926 880 tenet,
967 828 1134 880 iudices,
1176 828 1275 867 bene
1318 829 1411 866 mihi
1451 831 1687 880 evenire,41

61 889 165 940 quod
199 890 328 926 mittar
361 888 406 926 ad
440 895 617 926 mortem.
680 887 848 926 Necesse
883 894 942 926 est
974 889 1077 926 enim
1111 889 1161 925 sit
1187 887 1353 926 alterum
1380 888 1427 925 (le
1454 887 1620 939 duobus,

60 953 105 987 ut
136 952 202 985 aut
234 958 375 985 sensus
407 948 564 984 omnino
604 958 740 984 omnes
780 958 885 983 mors
923 947 1075 984 auferat
1106 952 1172 985 aut
1204 948 1243 984 in
1276 946 1393 984 alium
1427 947 1619 996 quendam

59 1006 189 1045 locum
228 1018 274 1044 ex
312 1005 373 1043 his
411 1005 507 1043 locis
548 1011 672 1043 morte
718 1006 921 1055 migretur.
985 1004 1108 1050 Quam
1150 1005 1198 1043 oh
1239 1017 1321 1043 rem
1360 1006 1439 1043 sive
1480 1017 1620 1043 sensus

63 1066 326 1115 exstinguitur
353 1076 536 1114 morsque
564 1065 599 1101 ei
627 1075 762 1101 somno
790 1063 927 1101 similis
953 1069 1032 1114 est,
1065 1065 1131 1114 qui
1158 1076 1235 1101 non
1263 1075 1476 1114 numquam
1503 1065 1618 1102 etiam

61 1125 144 1161 sine
178 1124 270 1160 visis
303 1124 542 1160 somniorum
582 1121 882 1172 placatissimam
915 1124 1087 1172 quietem
1120 1122 1263 1172 adfert,
1305 1122 1343 1160 di
1377 1122 1486 1172 boni,
1526 1122 1619 1172 quid

62 1181 160 1219 lucri
199 1186 259 1219 est
300 1180 439 1218 emori!
485 1186 551 1218 aut
590 1192 706 1230 quam
744 1180 857 1218 multi
896 1180 978 1218 dies
1020 1182 1188 1230 reperiri
1226 1187 1408 1231 possunt,
1454 1182 1520 1230 qui
1553 1180 1619 1218 tali

60 1241 166 1278 nocti
198 1244 497 1290 anteponantur,
531 1240 593 1277 cui
625 1241 661 1277 εἰ
692 1238 828 1276 similis
860 1239 990 1277 sutura
1018 1243 1078 1276 est
1104 1240 1348 1289 perpetuitas
1374 1241 1501 1276 omnis
1528 1251 1618 1277 con-

60 1299 261 1348 sequentis
294 1298 495 1349 temporis,
527 1298 614 1347 quis
649 1309 708 1334 me
741 1295 920 1335 beatior?
965 1297 1033 1335 Sin
1061 1309 1150 1335 vera
1177 1303 1269 1335 sunt
1295 1310 1393 1347 quae
1421 1297 1677 1348 (licuntu1‘‚98

60 1358 331 1407 migrationem
363 1368 449 1394 esse
483 1362 649 1394 mortem
681 1357 721 1393 iu
754 1367 818 1393 eas
851 1368 951 1406 oras,
985 1368 1080 1406 quas
1113 1358 1180 1406 qui
1215 1369 1234 1394 e
1263 1358 1337 1394 vita
1363 1362 1620 1394 excesserunt

59 1414 248 1466 incolunt,
280 1415 316 1452 id
350 1414 472 1452 multo
505 1416 579 1452 iam
612 1414 765 1452 beatius
798 1420 868 1452 cst.
927 1414 1046 1466 Tene,
1079 1427 1167 1453 cum
1194 1414 1240 1453 al)
1267 1416 1326 1465 iis,
1359 1416 1427 1465 qui
1453 1426 1494 1453 se
1520 1414 1618 1452 iudi-

60 1486 150 1512 cum
182 1485 346 1512 numero
379 1472 514 1511 haberi
546 1473 692 1524 volunt,
725 1475 907 1524 evaseriS,
940 1473 986 1511 ad
1019 1485 1086 1511 eos
1118 1475 1268 1525 venire,
1298 1474 1364 1523 qui
1396 1485 1486 1511 vere
1519 1473 1618 1511 iudi-

61 1543 125 1571 ces
167 1531 428 1583 appellentur,
469 1531 655 1583 Minoem,
698 1531 1057 1583 Rhadamanthum,
1096 1533 1283 1583 Aeacum,
1322 1531 1619 1583 Triptolemum,

923 1655 1015 1700 Kap.
1049 1655 1112 1690 41.
1163 1657 1310 1690 evenire.
1373 1656 1495 1690 Wenn
1532 1668 1620 1691 man

101 1656 256 1700 pulchro
306 1655 464 1690 Critiae:
514 1657 647 1702 Κριτίᾳ
697 1653 801 1690 τοῦτ’

63 1701 154 1737 ἔστω
181 1703 229 1748 τῷ
256 1703 367 1748 καλῷ.

108 1749 239 1784 Graeci
288 1751 421 1791 solent,
471 1749 692 1794 wenigstens
743 1749 802 1784 die

61 1797 228 1831 Athener
270 1796 347 1830 und
390 1796 545 1839 andere,
595 1796 699 1831 nicht
743 1797 802 1831 die

61 1843 270 1888 Spartaner.

108 1891 221 1932 brevi,
253 1890 348 1925 noch
381 1890 419 1924 in
452 1890 665 1924 demselben
691 1890 802 1925 Jahre

43 1940 140 1979 403,
165 1937 216 1971 im
243 1936 384 1981 Kampf
405 1947 524 1982 gegen
550 1936 769 1981 Thrasybul.

108 1987 163 2017 97.
194 1984 282 2028 Quis
316 1984 506 2018 iudicaret.
558 1984 632 2018 Der
658 1983 803 2018 Schluss

59 2030 109 2065 ist
127 2030 332 2075 unrichtig3
360 2030 424 2065 der
443 2030 698 2075 Hochherzige
720 2030 806 2065 darf

61 2077 131 2112 den
162 2077 241 2112 Tod
280 2078 375 2112 auch
409 2077 505 2112 dann
542 2078 649 2122 nieht
679 2077 802 2112 fureb-

59 2125 134 2167 ten,
159 2135 266 2158 wenn
293 2135 331 2159 er
350 2124 415 2158 ihn
434 2124 493 2158 fiir
515 2124 574 2158 ein
594 2124 690 2159 Ubel
709 2125 800 2160 halt.

115 2170 224 2206 Vadit
250 2172 317 2206 cet.
360 2171 427 2206 Die
446 2171 527 2206 Hss.
554 2171 676 2206 haben
701 2172 803 2206 vadit

59 2218 101 2252 in
125 2219 273 2252 eundem
305 2229 479 2253 carcerem
511 2222 616 2262 atque
650 2220 692 2252 in
717 2230 801 2253 eun-

60 2264 138 2299 dem
155 2265 330 2310 scyphum
349 2266 399 2307 S„
424 2276 500 2299 was
521 2276 608 2299 man
628 2265 802 2310 gewohn-

59 2310 136 2346 lich
161 2312 214 2345 als
235 2312 398 2356 Zeugma
423 2312 572 2347 erklart.
618 2312 718 2346 Aber
743 2311 803 2346 bei

0 2396 1 2402 ¹
61 2357 145 2392 dem
160 2358 323 2403 Zeugma.
347 2357 443 2393 muss
469 2371 513 2392 zu
539 2359 623 2393 dem
649 2359 803 2393 zweiten

60 2403 203 2450 Begriff
225 2416 290 2439 aus
316 2405 400 2439 dem
425 2406 688 2440 vorhaudenen
714 2406 803 2440 Ver-

0 2455 1 2458 ’
60 2451 148 2486 bum
179 2452 238 2486 ein
271 2451 550 2497 allgemeineres
583 2453 671 2487 oder
706 2453 803 2487 sinn-

59 2498 291 2533 verwandtes
316 2499 480 2533 Verbum
513 2499 591 2534 sich
623 2503 804 2544 erganzen

61 2543 201 2590 lassen,
241 2545 311 2580 wie
343 2545 421 2580 dies
454 2546 486 2580 Π
518 2549 537 2588 ξ
565 2550 607 2580 57
639 2548 692 2581 sic
722 2557 803 2589 νοω,

61 2592 114 2626 sic
145 2603 293 2635 cursus,
324 2594 376 2628 sie
400 2593 516 2637 playa
547 2594 615 2628 hae
643 2595 804 2639 9ravior,

0 2668 1 2674 ,
61 2648 130 2682 quo
163 2642 213 2674 est
244 2640 355 2674 vm'ssa
380 2640 600 2682 contentius,
632 2641 697 2675 der
721 2641 803 2675 Fan

0 2693 2 2775 l

0 2782 2 2865 l

61 2684 120 2720 ist.
169 2686 235 2720 Bei
271 2686 354 2720 dem
394 2687 587 2721 Ausdruck
624 2688 726 2722 vadit
762 2688 804 2722 in

62 2733 233 2777 scyphum
257 2733 347 2778 geht·¹
372 2733 450 2768 dies
474 2734 580 2768 nieht.
605 2744 662 2768 an.

103 2780 240 2861 Ἧῖξιξῗ
255 2780 432 2872 ἒρὲἷῑόςῗ
448 2780 490 2861 εὖ..
505 2784 585 2861 332Εῗ9
611 2793 643 2815 ν.
672 2780 754 2816 ΟΜ.

876 1703 981 1745 hofft,
1009 1703 1090 1736 dass
1117 1705 1231 1737 etwas
1259 1703 1372 1737 schon
1394 1703 1489 1747 jetzt
1513 1705 1619 1738 stath-

876 1749 985 1793 finde,
1013 1750 1112 1784 steht
1136 1750 1233 1784 nach
1258 1761 1403 1794 sperare
1428 1751 1503 1784 und
1529 1751 1618 1784 {thn-

875 1796 999 1831 lichen
1018 1796 1264 1831 Ausdrficken
1289 1797 1353 1831 der
1373 1796 1535 1831 Infinitiv
1555 1797 1620 1831 des

875 1843 1044 1886 Pstzsens,
1071 1854 1109 1878 so
1135 1844 1362 1878 namentlieh
1389 1855 1495 1878 wenn
1515 1854 1620 1888 posse

877 1890 1012 1924 darauf
1034 1890 1138 1934 folgt.

922 1938 995 1971 sire
1019 1948 1161 1979 sensus,
1189 1937 1271 1971 dem
1297 1937 1504 1981 entsprieht
1529 1941 1548 1979 ξ
1575 1941 1618 1972 98

874 1985 933 2019 sin
958 1995 1043 2018 vera
1067 1988 1163 2025 sunt,
1191 1984 1271 2018 eine
1298 1983 1470 2018 {ihnliche
1496 1984 1619 2029 Unge-

875 2031 1070 2075 nauigkeit
1103 2031 1165 2065 des
1198 2031 1429 2075 Ausdrucks,
1465 2031 1534 2065 wie
1564 2035 1618 2073 13,

876 2082 920 2112 30
952 2080 1114 2122 primum
1147 2098 1189 2102 —
1221 2079 1375 2112 maoez'me
1414 2089 1505 2113 vero.
1568 2078 1620 2112 III

875 2129 939 2169 26,
966 2129 1010 2159 63
1044 2129 1085 2159 ut
1117 2126 1157 2159 in
1190 2126 1306 2159 animi
1336 2125 1522 2159 doloribus
1552 2125 1621 2159 alii

875 2173 1087 2206 solitudines
1131 2175 1273 2215 captent
1318 2192 1359 2196 —
1405 2172 1458 2206 Et
1502 2171 1621 2206 Niobe

875 2220 1038 2263 fingitur.

924 2269 978 2300 98.
1009 2266 1041 2299 T
1041 2276 1102 2300 ene
1128 2286 1171 2290 —-
1199 2266 1247 2300 acl
1278 2277 1334 2300 eos
1365 2267 1494 2301 venire.
1546 2266 1620 2299 Der

875 2312 1038 2346 Infinitiv
1076 2312 1127 2347 ist:
1153 2312 1310 2357 subjekt
1347 2325 1390 2346 zu
1429 2313 1513 2347 dem
1550 2313 1618 2347 fol-

877 2359 1022 2403 genden
1052 2360 1241 2394 mediocris
1272 2363 1342 2401 est,·
1374 2371 1411 2394 es
1438 2359 1530 2393 wird
1555 2360 1620 2394 der

876 2407 1000 2441 Inhalt
1032 2406 1095 2441 des
1123 2407 1245 2441 Satzes
1276 2407 1469 2441 nochmals
1503 2407 1618 2440 durch

875 2454 961 2488 haec
982 2455 1233 2498 pereyrinatio
1259 2452 1618 2498 zusammengefasst,

877 2500 1000 2535 sodass
1033 2500 1111 2535 sich
1142 2502 1239 2535 nach
1271 2501 1410 2535 diesem
1443 2500 1619 2534 Substan-

875 2547 929 2581 tiv
955 2547 1050 2582 auch
1077 2547 1142 2582 das
1168 2547 1346 2582 pradikat
1370 2547 1517 2581 richtet..

927 2594 1178 2638 Triptolemus.
1219 2595 1346 2629 Dieser
1365 2594 1537 2638 Liebling
1556 2593 1620 2627 der

876 2641 1065 2684 Demeter,
1099 2641 1170 2676 den
1202 2642 1254 2676 sie
1287 2641 1352 2674 auf
1380 2640 1619 2685 gefliigeltem

877 2687 1220 2733 Sehlangenwagen
1276 2687 1492 2729 aussandte,
1548 2687 1619 2721 den

876 2735 1072 2769 Aekerbau
1086 2747 1130 2769 zu
1149 2735 1369 2777 verbreiten‚
1384 2733 1477 2767 wird
1496 2745 1564 2767 nur
1581 2733 1619 2768 in

878 2781 943 2815 der
975 2781 1396 2816 attiseh-eleusinisehen
1423 2779 1518 2824 Sage
1547 2780 1619 2814 den

877 2827 1056 2862 Richtern
1089 2828 1152 2862 der
1178 2827 1384 2862 Unterwelt
1411 2827 1617 2872 beigesellt.
