1833 3098
363 46 759 86 TUSCULANARUM
785 44 1185 81 DISPUTATIONUM
1212 44 1256 79 V.
1286 47 1479 79 109—113.
1618 43 1699 84 151

148 160 284 200 inultis
309 159 433 198 modis
455 159 648 209 variisque
675 156 858 195 delectari
885 155 986 205 licet,
1007 156 1122 193 etiam
1149 155 1180 192 si
1208 166 1285 192 non
1312 152 1542 192 adhibeatur
1568 164 1701 204 aspec-

152 225 226 258 tus.
276 218 433 269 Loquor
464 218 567 256 cuim
600 216 646 254 de
674 216 788 254 docto
814 213 969 251 homine
998 219 1036 251 et
1063 212 1234 263 erudito,
1268 214 1330 250 cui
1358 214 1486 250 vivere
1514 217 1573 249 est
1599 212 1701 261 cogi-

149 283 246 316 tare.
304 276 498 327 Sapientis
537 281 665 313 autem
704 273 885 323 cogitatio
925 283 1001 308 nou
1043 271 1163 308 ferme
1203 270 1246 308 ad
1288 269 1598 320 investigandum
1638 269 1702 307 ad·

150 335 260 374 hibet
291 334 425 373 oculos
464 333 679 371 advocatos.
742 330 896 369 Etenim
930 330 962 367 si
994 340 1067 366 nox
1108 340 1183 366 non
1224 329 1356 366 adimit
1391 330 1504 367 vitam
1539 328 1772 379 beatam‚11·2

151 406 223 432 cur
255 393 338 431 dies
376 393 481 430 nocti
519 390 655 430 similis
693 385 863 427 adimat?
923 385 1019 424 Nam
1058 385 1150 424 illud
1184 388 1377 436 Antipatri
1409 386 1610 437 Cyrenaici
1643 392 1702 425 est

151 454 195 490 id
225 451 382 502 quidem
419 449 534 501 paulo
573 448 799 497 obscenius,
839 445 906 484 sed
940 456 1016 482 nou
1056 443 1222 482 absurda
1255 446 1447 482 sententia
1481 451 1556 483 est:
1589 446 1701 483 cuius

145 511 378 548 caecitatem
419 519 507 546 cum
548 504 799 544 mulierculae
842 503 1166 554 lamentarentur,
1216 499 1334 547 ‘Quid
1378 499 1533 552 agitis?
1575 504 1702 553 inquit

151 565 215 606 ‘an
249 566 355 605 vobis
387 565 490 604 nulla
523 564 678 602 videtur
711 562 887 613 voluptas
920 573 1006 600 esse
1040 557 1275 599 nocturna?
1339 562 1505 611 Appium
1545 560 1701 611 quidem

150 631 323 664 veterem
353 624 479 674 illum,
520 624 586 673 qui
619 633 757 661 caecus
790 632 911 659 annos
945 619 1088 658 multos
1121 620 1210 671 suit,
1249 625 1288 658 et
1327 632 1371 657 ex
1411 618 1702 669 magistratibus

149 689 190 723 et
222 696 268 722 ex
300 682 419 721 rebus
457 682 577 732 gestis
615 679 879 730 intellegimus
917 680 956 717 in
995 677 1060 716 illo
1100 690 1171 716 suo
1211 690 1303 716 casu
1343 690 1413 715 nec
1450 679 1598 728 privato
1632 689 1703 716 nec

149 741 308 793 publico
333 741 488 779 muneri
521 740 704 778 defuisse.
762 737 800 776 C.
828 737 944 776 Drusi
977 736 1135 775 domum
1163 736 1337 787 conpleri
1365 748 1383 773 a
1412 735 1704 774 consultoribus

153 799 305 838 solitam
338 800 579 849 accepimus3
619 809 707 836 cnm
748 808 914 847 quorum
953 807 1018 833 res
1057 802 1161 833 esset
1194 807 1261 833 sua
1294 796 1369 845 ipsi
1401 807 1477 832 non
1512 793 1704 845 videbant,

147 869 308 896 caecum
347 856 582 895 adhibebant
621 856 771 894 ducem.

834 854 973 892 Pueris
1018 853 1130 892 nobis
1169 853 1236 891 Cn.
1269 853 1445 891 Aufidius
1483 855 1704 903 praetorius

149 922 189 954 et
225 917 265 954 in
299 921 438 954 senatu
478 915 711 953 sententiam
751 912 904 951 dicebat
942 924 1012 950 nec
1052 913 1186 950 amicis
1224 911 1532 951 deliberantibus
1570 911 1705 949 deerat

144 980 190 1012 et
228 973 414 1012 Graecam
459 972 655 1011 scribebat
699 971 901 1010 historiam
948 977 984 1009 et
1023 970 1177 1009 videbat
1221 972 1258 1009 in
1300 970 1453 1009 litteris.

151 1031 307 1071 Stoicus
349 1043 488 1070 caecus
526 1030 669 1069 multos
708 1042 830 1069 annos
869 1035 1024 1068 nostrae
1065 1029 1169 1067 domi
1207 1030 1311 1067 vixit.
1374 1028 1410 1066 ls
1448 1041 1558 1079 vem,
1599 1028 1704 1079 quod

146 1201 338 1246 hangigen
368 1200 468 1236 Rede
501 1200 591 1234 wird
629 1200 667 1234 in
705 1200 763 1236 die
797 1201 890 1235 selb-

149 1247 323 1293 stfindige
373 1248 677 1293 fibergegangen‚
728 1247 797 1283 wie
841 1248 892 1281 IV

198 1342 342 1376 adhibet
367 1342 487 1376 oculos
506 1342 715 1376 advocatos:
740 1341 892 1376 bedient

145 1387 229 1422 sich
256 1388 319 1422 der
344 1387 453 1423 Hilfe.
501 1388 585 1432 Vgl.
606 1387 655 1421 IV
683 1392 738 1430 23,
766 1392 808 1422 52
836 1388 892 1422 de-

145 1435 284 1470 siderat
308 1435 485 1478 fortitudo
506 1436 717 1470 advocatam
741 1435 890 1471 iracun-

147 1482 258 1517 diam.

198 1532 274 1562 112.
301 1528 401 1562 Nam
426 1528 465 1562 111
491 1528 555 1563 der
581 1527 786 1573 occupatio,
814 1539 840 1562 S.
862 1541 890 1563 z.

147 1574 199 1610 111
227 1578 281 1617 ie,
308 1578 363 1609 35.

195 1621 394 1665 Antipater
424 1632 488 1656 aus
522 1620 661 1665 Cyrene
686 1633 762 1656 war
795 1622 889 1656 nach

146 1667 256 1713 Diog.
284 1667 388 1703 1186
425 1668 484 1702 9111
520 1668 674 1703 Schiiler
709 1669 772 1704 des
807 1668 889 1703 Ari—

146 1714 248 1759 stipp
274 1726 337 1749 um
363 1718 442 1749 360.

197 1765 247 1796 est
283 1762 324 1796 id
360 1762 501 1805 quidem
533 1762 649 1805 paulo
686 1762 890 1797 obscenius:

146 1808 187 1843 id
216 1807 313 1843 fehlt
342 1808 380 1842 in
411 1808 482 1842 den
508 1808 636 1851 Hdss.‚
669 1809 758 1844 aber
782 1820 890 1843 wenn

147 1855 207 1889 ein
233 1854 440 1900 Gegensatz
473 1854 655 1889 zwischen
688 1855 777 1890 zwei
802 1855 889 1890 Pr'a-

146 1901 299 1936 dikaten
325 1902 540 1946 angegeben
565 1901 674 1944 wird,
701 1902 785 1936 tritt
809 1904 890 1947 qui-

147 1948 226 1983 dem
250 1947 310 1983 nie
336 1960 379 1983 zu
405 1948 488 1983 dem
514 1948 677 1982 Verbum
703 1949 790 1983 oder
815 1949 889 1983 Ad-

141 1993 281 2039 jetzffiv,
318 1995 475 2029 sondern
511 1995 575 2030 das
611 1994 766 2039 SubJekt
798 1996 888 2030 wird

147 2052 214 2076 vor
251 2042 393 2085 quidem
430 2041 545 2076 durch
585 2041 644 2076 ein
681 2043 889 2078 Pronomen

147 2087 542 2132 (Personalpronomen
587 2088 676 2123 oder
718 2090 797 2132 ille,
843 2091 888 2133 is)

147 2134 286 2169 wieder
323 2133 618 2180 ausgenommen.
668 2135 719 2169 IV
746 2139 806 2179 28,
845 2140 888 2171 60

147 2181 214 2216 illa
239 2184 357 2216 autem
383 2183 497 2216 altera
522 2183 618 2216 ratio
644 2186 675 2216 et
701 2184 817 2218 oratio
845 2204 888 2208 —

147 2231 198 2263 est
223 2238 264 2263 ea
289 2228 430 2272 quidem
449 2229 586 2271 utilior,
613 2229 673 2263 sed
696 2240 783 2264 rara
802 2240 890 2274 pro-

146 2275 232 2318 ficit.
282 2275 333 2309 IV
359 2279 397 2318 3,
434 2278 454 2310 5
491 2276 693 2319 sapientiae
725 2278 888 2311 stadium

146 2325 245 2356 vetus
269 2322 309 2356 id
333 2323 474 2366 quidem
499 2323 540 2356 in
565 2323 716 2365 nostris,
748 2324 808 2358 sed
833 2327 888 2359 ta-

146 2379 226 2403 men
251 2369 321 2403 cet.

194 2415 378 2461 Appium:
413 2427 439 2450 s.
467 2427 494 2451 z.
521 2414 572 2449 IV
599 2419 632 2459 2,
658 2420 691 2450 4.
742 2417 786 2452 de
812 2427 888 2452 sen.

150 2465 211 2505 11,
255 2465 298 2496 37
354 2465 526 2506 quattuor
574 2463 736 2498 robustos
783 2465 888 2507 filios,

147 2508 304 2552 quinque
328 2508 437 2551 filias,
463 2512 602 2544 tantam
627 2510 781 2553 domum,
807 2514 888 2546 tan-

147 2558 204 2589 tas
253 2555 434 2589 clientelas
476 2555 624 2600 Appius
672 2558 814 2602 regebat
857 2561 889 2593 et

147 2612 272 2636 caecus
296 2605 328 2636 et
352 2612 469 2636 senex.

149 2648 597 2739 Τιέἕὲέίἒὲῗιίῗὲδέἒέἓῗ
625 2648 675 2729 ἒῖξ
700 2649 887 2732 ἶὲξῑέἰέῗ

148 2741 245 2776 denn
270 2742 405 2776 andere
425 2742 554 2775 Amter
573 2741 639 2776 hat
658 2752 697 2776 er
715 2743 770 2777 als
787 2743 887 2778 Blin—

146 2787 213 2822 der
237 2788 341 2823 nicht
367 2788 570 2822 verwaltet.

1013 1200 1051 1234 C.
1089 1199 1220 1234 Livius
1256 1199 1421 1240 Drusus,
1466 1199 1530 1233 der
1566 1199 1707 1234 Bruder

964 1247 1027 1282 des
1053 1247 1100 1280 M.
1123 1246 1275 1287 Drusus,
1302 1246 1366 1280 der
1392 1246 1446 1281 als
1469 1246 1608 1281 Tribun
1635 1246 1706 1281 den

965 1293 1001 1328 C.
1018 1292 1203 1327 Gracchus
1216 1292 1444 1337 bekiimpfte.
1471 1293 1592 1328 Valer.
1608 1293 1704 1328 Max.

964 1340 1050 1375 VIII
1078 1344 1107 1383 7,
1134 1344 1156 1374 4
1190 1339 1396 1375 Consimilis
1417 1341 1706 1384 perseverantiae

963 1387 1095 1422 Livius
1120 1387 1285 1429 Drusus,
1317 1389 1380 1431 qui
1411 1388 1540 1421 aetatis
1564 1388 1705 1422 viribus

964 1438 995 1469 et
1021 1435 1097 1469 acie
1122 1434 1307 1469 oculorum
1327 1434 1495 1476 defectus,
1520 1434 1578 1468 ius
1602 1435 1705 1468 cii-ile

957 1481 1095 1526 populo
1145 1481 1395 1525 bem'ym'ssime
1449 1482 1705 1525 interpretatus

963 1532 1013 1563 est
1039 1528 1302 1572 utilissimaque
1333 1528 1467 1562 discere
1492 1529 1531 1562 id
1556 1529 1703 1572 cupien-

963 1576 1060 1610 tibus
1084 1578 1313 1609 monu-menta
1339 1575 1537 1618 conposuit.

1013 1622 1075 1656 Cn.
1103 1622 1278 1664 Aufidius
1308 1621 1399 1655 wird
1439 1622 1533 1656 auch
1567 1621 1610 1656 de
1643 1622 1702 1656 fin.

964 1668 997 1703 V
1026 1672 1080 1711 19,
1108 1672 1152 1702 54
1179 1668 1354 1703 erwiihnt.
1399 1668 1448 1702 Er
1472 1680 1548 1703 war
1573 1669 1706 1704 Prator

962 1727 1022 1749 um
1051 1714 1116 1750 das
1142 1715 1234 1750 Jahr
1262 1718 1345 1758 108,
1391 1715 1510 1750 sodass
1537 1716 1601 1750 ihn
1630 1714 1704 1750 Cic.

964 1762 1060 1806 (geb.
1097 1764 1176 1806 106)
1215 1762 1270 1797 als
1302 1762 1431 1797 Knabe
1468 1763 1573 1797 recht
1605 1762 1704 1797 wohl

961 1809 1076 1844 heren
1102 1809 1252 1844 konnte.

1010 1856 1183 1890 Graecam
1222 1857 1427 1898 historiam,
1475 1856 1555 1890 eine
1594 1856 1704 1891 romi-

963 1902 1048 1937 sche
1099 1902 1318 1937 Gesehiehte
1366 1903 1405 1937 111
1454 1902 1704 1947 griechischer

963 1949 1134 1994 Sprache.

1010 1996 1152 2031 ridebat
1172 1997 1211 2030 in
1233 1997 1378 2030 litteris:
1405 1996 1464 2030 eiu
1479 1995 1701 2040 Oxymoron.

961 2043 1035 2077 Far
1066 2043 1185 2078 ‘ridere
1217 2041 1256 2076 in
1287 2042 1370 2077 dem
1407 2041 1517 2077 Sinne
1543 2054 1615 2077 von
1646 2054 1703 2078 sa-

955 2101 1042 2134 pere
1067 2090 1141 2135 vgl.
1168 2102 1202 2134 p.
1229 2089 1316 2133 imp.
1344 2089 1472 2133 Pomp.
1495 2093 1550 2131 22,
1573 2094 1617 2124 64
1643 2101 1704 2125 vos

957 2138 1044 2181 plus
1086 2141 1160 2171 tum
1204 2137 1243 2170 in
1284 2147 1320 2170 re
1352 2136 1503 2180 publica
1547 2138 1701 2172 vidistis.

962 2184 1107 2218 Ebenso
1128 2183 1179 2217 im
1200 2183 1470 2218 Griechischen.
1505 2183 1614 2228 Soph.
1634 2177 1700 2218 ὀᾶ.

961 2230 1092 2270 R.,388
1120 2225 1218 2269 ὅστις
1245 2227 1286 2264 ἐν
1310 2233 1388 2269 τοῖς
1412 2228 1560 2272 κέρδεσι
1586 2228 1703 2275 μόνον

961 2277 1129 2320 δέδορκε,
1157 2275 1224 2321 τὴν
1244 2275 1377 2320 τέχνην
1397 2273 1434 2310 δ’
1458 2277 1531 2320 ἔφυ
1551 2275 1700 2322 τυφλός.

960 2324 1029 2359 Ι)19
1049 2324 1201 2359 Dichter
1226 2323 1452 2367 iibertragen
1470 2325 1587 2359 videre
1606 2325 1702 2359 auch

961 2371 1027 2405 auf
1035 2371 1148 2406 andre
1158 2370 1701 2416 Sinuesempfindungen.Verg.

961 2419 1049 2452 Aen.
1082 2417 1133 2451 IV
1165 2421 1233 2452 490
1277 2419 1415 2462 muyire
1459 2419 1592 2453 ridebis
1634 2418 1700 2452 sub

956 2465 1110 2509 pedibus
1135 2468 1279 2499 terram.

1008 2511 1100 2556 Kap.
1122 2511 1185 2546 39.
1227 2515 1303 2546 113.
1331 2511 1524 2546 Diodotus.
1550 2510 1600 2545 Er
1625 2522 1702 2545 war

961 2557 1106 2593 Ciceros
1132 2558 1269 2593 Lehrer
1301 2558 1529 2592 namentlich
1565 2558 1603 2592 111
1639 2557 1703 2593 der

960 2604 1152 2640 Dialektik
1192 2605 1267 2639 und
1306 2605 1492 2648 Ratgeber
1532 2604 1592 2638 bei
1633 2603 1701 2639 sei-

959 2662 1031 2685 nen
1062 2650 1392 2695 philosophischen
1423 2651 1586 2685 Studien.
1636 2650 1703 2684 Bei

961 2698 1099 2731 seinem
1137 2697 1238 2732 Tode
1276 2699 1390 2731 setzte
1429 2708 1467 2731 er
1508 2697 1580 2731 Cic.
1617 2708 1700 2731 zum

960 2743 1081 2778 Erben
1095 2744 1213 2779 seines
1227 2743 1331 2778 nicht
1351 2742 1701 2778 unbetrachtiichen

960 2790 1187 2835 Vermogens
1214 2790 1284 2824 ein.

1515 945 1777 1029 Diodotusff}
