1817 3103
0 0 42 43 ff.

0 38 33 80 1⁴

282 84 675 120 TUSCULANARUM
701 85 1099 120 DISPUTATIONUM
1126 88 1167 122 II.
1196 91 1347 122 50—55.
1539 86 1596 127 99

35 197 160 246 magis
191 207 306 246 quam
341 194 473 233 eadem
507 196 545 232 in
579 195 792 246 voluptate,
838 207 913 245 qua
947 207 1036 233 cum
1069 195 1323 246 liquescimus
1356 198 1593 247 fluimusque

12 253 214 304 ffimollitia,
248 255 330 304 apis
362 252 541 291 aculeum
574 255 657 292 sine
691 253 860 292 elamore
895 254 996 291 serre
1032 266 1108 291 non
1140 266 1362 304 possumus.
1426 256 1474 293 At
1501 268 1591 293 vero
1608 264 1651 293 53

38 313 78 353 C.
110 311 274 363 Marius,
306 313 529 350 rusticanus
563 313 637 363 vir,
670 312 736 350 sed
770 312 883 362 plane
916 313 990 362 vir,
1023 324 1112 350 euin
1146 318 1366 362 secaretur,
1400 319 1441 351 ut
1474 325 1593 364 supra

36 371 135 423 dixi,
167 372 358 421 principio
392 371 514 408 vetuit
546 382 587 408 se
620 370 798 421 adligari,
831 382 901 408 nec
936 372 1143 421 quisquam
1176 376 1264 408 ante
1292 370 1457 408 Marium
1491 371 1592 410 solu-

37 436 101 469 tus
133 428 277 467 dicitur
308 440 394 466 esse
429 434 571 466 sectus.
633 428 712 466 Cur
745 441 836 479 ergo
876 435 1011 478 postea
1049 429 1141 466 alii?
1204 428 1330 467 Valuit
1368 431 1594 467 auctoritas.

35 487 203 526 Videsne
248 488 368 537 igitur
413 488 608 536 opinionis
653 499 757 536 esse,
802 499 878 525 non
928 493 1087 525 naturae
1135 484 1307 525 malum?
1369 486 1418 525 Et
1463 493 1591 524 tamen

36 546 158 585 fuisse
190 557 320 584 acrem
348 557 520 583 morsum
547 545 692 583 doloris
720 544 821 583 idem
850 545 993 583 Marius
1021 545 1209 596 ostendit3
1242 557 1334 583 crus
1362 547 1465 583 enim
1498 544 1589 583 alte-

36 616 125 644 rum
158 616 233 642 non
267 603 457 654 praebuit.
521 603 573 642 lta
608 609 645 641 et
675 603 762 642 tulit
794 604 969 642 dolorem
1008 611 1051 642 ut
1079 606 1140 655 Li!
1173 611 1210 642 et
1250 610 1293 642 ut
1326 603 1440 654 Ιιρ-ιῐ-ιρ
1474 605 1592 641 maio-

36 674 118 701 rem
153 663 254 700 serre
288 664 371 700 sine
405 674 519 699 eausa
560 664 779 700 necessaria
819 662 954 701 noluit.
1018 662 1159 701 Totum
1200 664 1319 712 igitur
1358 664 1396 700 in
1436 674 1481 700 eo
1523 668 1594 713 est,

36 727 80 760 ut
111 720 182 761 tibi
213 722 394 770 imperes.
457 720 620 758 Ostendi
653 728 799 772 autem,
840 721 942 771 quod
977 728 1081 759 esset
1113 720 1331 771 imperandi
1363 732 1505 770 genus,
1538 726 1593 758 at-

31 791 112 830 que
147 779 242 817 haec
281 780 480 830 cogitatiO,
520 779 612 829 quid
651 781 854 830 patientia,
893 779 985 830 quid
1027 779 1275 830 fortitudine,
1314 779 1405 829 quid
1449 780 1593 829 magni·

0 876 2 879 ,
36 838 172 876 tudine
205 839 322 875 animi
354 837 626 887 dignissimum
666 839 732 889 sit,
775 850 851 876 non
889 838 1014 876 solum
1048 840 1220 876 animum
1259 839 1486 888 conprimit,
1526 837 1594 875 sed

35 897 166 947 ipsum
199 897 313 934 etiam
347 895 520 934 dolorem
553 898 685 934 nescio
719 909 796 947 quo
834 903 945 947 pacto
978 898 1172 935 mitiorem
1207 896 1308 934 facit.

155 953 203 992 Ut
241 956 343 992 enim
383 956 424 992 lit
461 956 500 992 in
540 954 705 1006 proelio,
746 961 787 993 ut
824 957 986 1005 ignavus
1026 955 1137 993 miles
1177 968 1220 993 ac
1257 955 1437 1006 timidus,
1477 937 1663 1019 simul?

31 1025 79 1052 ac
113 1012 254 1051 viderit
284 1013 454 1063 hostem,
488 1012 639 1051 abiecto
667 1019 778 1052 scuto
814 1015 933 1064 fugiat
967 1020 1156 1064 quantum
1189 1015 1312 1064 possit
1345 1013 1394 1051 ob
1427 989 1628 1080 eamque5

31 1083 192 1110 eausam
224 1078 359 1122 peieat
391 1084 468 1109 non
501 1084 714 1122 numquam
748 1073 863 1110 etiam
897 1074 1049 1123 integro
1083 1084 1268 1123 corpore,
1309 1084 1398 1110 cum
1436 1073 1488 1123 ei,
1528 1073 1595 1122 qui

35 1131 209 1180 steterit,
244 1130 339 1168 nihil
372 1130 445 1168 tale
474 1133 664 1180 evenerit,
698 1132 753 1168 sic.
787 1133 854 1181 qui
887 1131 1033 1169 doloris
1060 1132 1231 1181 speciem
1258 1131 1362 1169 ferre
1397 1142 1473 1168 non
1506 1142 1593 1181 pos-

35 1194 129 1227 sunt
160 1188 333 1226 abieiunt
365 1201 405 1226 se
439 1195 554 1238 atque
587 1190 639 1226 ita
672 1188 817 1227 adflicti
849 1196 887 1227 et
927 1191 1133 1227 exanimati
1173 1191 1318 1239 iacent3
1359 1191 1425 1239 qui
1464 1195 1595 1227 autem

37 1248 290 1297 restiterunt,
330 1246 537 1285 discedunt
569 1248 796 1297 saepissime
830 1249 1066 1298 superiores.
1131 1247 1231 1285 Sunt
1266 1249 1370 1285 enim
1405 1247 1595 1298 quaedam

38 1307 157 1344 animi
191 1305 465 1343 similitudines
510 1317 598 1343 cum
644 1318 821 1356 corpore.
885 1306 934 1344 Ut
973 1318 1090 1345 onera
1133 1307 1329 1344 contentis
1362 1305 1596 1356 corporibus

34 1363 190 1402 facilius
223 1364 422 1414 seruntur,
454 1365 630 1402 remissis
663 1365 908 1415 opprimunt,
951 1364 1145 1403 simillime
1185 1366 1338 1402 animus
1377 1365 1594 1402 intentione

33 1433 107 1461 sua
140 1422 299 1473 depellit
329 1434 510 1472 pressum
544 1434 699 1460 omnem
731 1423 969 1475 ponderum,
1007 1425 1239 1461 remissione
1272 1429 1402 1461 autem
1440 1424 1496 1461 sic
1531 1435 1594 1461 ur-

30 1486 197 1532 guetur,
247 1487 290 1519 ut
334 1493 374 1518 se
419 1486 587 1531 nequeat
632 1481 830 1520 extollere.
893 1482 957 1533 Et,
1003 1483 1034 1520 si
1079 1494 1215 1520 verum
1261 1483 1505 1532 quaerimus,
1550 1482 1649 1520 i1155

29 1538 214 1578 omnibus
255 1540 393 1578 officiis
435 1540 719 1590 persequendis
761 1542 879 1578 animi
923 1547 981 1578 est
1022 1540 1239 1579 adhibenda
1281 1541 1499 1590 contenti03
1546 1552 1590 1577 ea

30 1603 91 1636 est
131 1597 210 1636 sola
249 1598 368 1636 oflicii
401 1604 596 1648 tamquam
636 1598 823 1637 custodia.
888 1599 965 1637 Sed
1002 1599 1074 1637 hoc
1115 1599 1218 1638 idem
1258 1600 1299 1637 in
1337 1597 1471 1636 dolore
1514 1610 1592 1636 ma-

1650 566 1755 624 lux-0

79 1711 244 1754 fluimus:
286 1710 380 1746 Vell.
420 1711 435 1743 I
474 1715 513 1752 ὓ,
552 1714 572 1744 2
617 1712 778 1745 mollitiis
1449 1711 1594 1746 schein-

0 1751 2 1786 l
29 1758 208 1802 fluentem.
235 1756 308 1791 Cic.
324 1759 407 1802 sagt
421 1757 586 1802 hiiufiger
599 1758 777 1800 diffluere.

0 1817 2 1845 ι
81 1808 135 1838 53.
158 1805 271 1848 plane
296 1805 369 1846 vir,
408 1805 468 1839 ein
494 1815 628 1849 ganzer
654 1805 776 1839 Manu.

0 1860 3 1889 l
29 1850 79 1886 de
98 1856 175 1886 nat.
195 1851 294 1885 deor.
316 1851 348 1885 II
369 1855 424 1892 22,
441 1854 484 1885 58
498 1852 608 1893 plane
627 1852 775 1893 artifex.

850 1712 964 1754 specie
1007 1712 1164 1755 quadam
1208 1712 1399 1753 utilitatis,

850 1757 965 1792 baren
991 1758 1146 1793 Nutzen.

897 1806 1123 1846 restiterunt,
1161 1805 1253 1839 ‘sich
1286 1805 1498 1839 widersetzt
1527 1805 1595 1840 ha-

850 1851 949 1885 ben'.
986 1852 1061 1886 Das
1085 1852 1298 1886 Perfectum
1317 1852 1510 1886 bekommt
1529 1852 1595 1886 da-

78 1901 118 1931 ut
137 1908 251 1942 supra
271 1899 362 1933 disci.
406 1902 460 1941 15,
481 1902 536 1933 35.
573 1898 656 1942 Vgl.
678 1898 775 1932 Plut.

31 1944 121 1979 Mar.
149 1955 178 1979 c.
206 1949 237 1979 6.

79 2002 191 2025 eausa
257 1993 476 2033 necessaria,
542 1991 776 2036 zwingender

30 2036 171 2073 Grund.
222 2038 267 2072 de
292 2038 352 2073 fin.
380 2038 412 2072 V
444 2043 483 2081 4,
516 2042 535 2073 9
573 2040 775 2073 necessaria

34 2085 364 2120 mathematicormn
407 2087 549 2120 ratione
592 2087 775 2120 conclude-

33 2135 124 2167 rent.
174 2131 263 2176 Top.
294 2136 354 2174 16
381 2136 425 2167 60
458 2144 534 2167 cum
565 2137 683 2167 autem
708 2134 776 2167 erit

31 2179 120 2213 talis
145 2189 273 2221 cau-sa,
305 2183 345 2214 ut
374 2180 414 2213 in
446 2190 487 2214 ea
517 2190 591 2213 ozon
620 2181 667 2214 sit
699 2181 774 2222 effi—

30 2226 152 2260 ciendi
175 2227 383 2268 necessitas,
409 2227 609 2261 necessaria
636 2228 775 2261 conci-u

27 2272 84 2307 8ίο
109 2283 183 2307 uon
206 2274 378 2317 sequitui:

80 2320 239 2353 animum
279 2320 490 2363 conpriffvmt.
531 2321 676 2354 animus
713 2319 774 2354 be-

30 2366 200 2400 zeichnet
219 2366 300 2400 hier
321 2366 407 2400 ‘den
421 2366 575 2410 Affekt’,
595 2366 664 2402 wie
683 2367 771 2401 hau-

31 2412 83 2457 fig
107 2412 167 2447 bei
192 2414 354 2448 animum
379 2414 536 2455 vincere,
568 2415 689 2448 animo
715 2415 772 2448 ob-

29 2461 142 2504 sequi.
193 2460 260 2494 Die
279 2459 456 2494 Komiker
481 2470 593 2505 Sagen
619 2460 713 2495 auch
739 2471 774 2495 se

32 2508 262 2551 comprimere
303 2506 362 2540 fiir
405 2518 440 2541 se
483 2508 658 2550 cohibere,
703 2508 774 2542 sibi

29 2554 220 2589 moderari

80 2599 173 2645 Kap.
194 2600 257 2636 23.
298 2604 353 2634 54.
373 2601 510 2636 doloris
527 2602 687 2645 speerm
706 2601 778 2636 den

31 2612 202 2682 &usseren
226 2647 413 2682 Anschein
451 2647 515 2682 des
551 2647 778 2692 Sehmerzes,

31 2691 68 2726 d.
88 2692 111 2728 i.
138 2693 210 2729 den
234 2706 303 2728 nur
329 2694 571 2729 scheinbaren
592 2695 776 2738 Schmerz,

33 2739 119 2773 weil
149 2751 189 2775 er
219 2739 422 2785 eigentlieh
460 2742 525 2776 auf
557 2741 659 2776 einer
690 2741 776 2776 Ein-

36 2783 208 2832 bssdung,
228 2789 370 2831 opinio,
390 2788 534 2823 beruht.
579 2788 624 2823 de
645 2788 703 2823 off.
724 2789 776 2823 Ill

32 2833 68 2875 3,
102 2836 143 2866 12
174 2845 265 2878 quae
300 2838 416 2870 autem
452 2835 536 2870 huic
575 2839 776 2881 repuynent

849 1898 915 1932 her
950 1898 1007 1932 die
1040 1898 1414 1943 Prasensbedeutung
1448 1898 1595 1933 wider-

851 1945 1010 1987 stehen’,
1047 1946 1116 1980 wie
1160 1956 1263 1988 ποι-ι,
1307 1946 1478 1990 conspecti
1520 1945 1596 1980 und

848 1992 1032 2026 ahnliehe.

896 2040 1126 2083 opprimunt,
1146 2039 1309 2074 namlieh
1330 2049 1495 2082 corpora,
1516 2050 1594 2073 was

849 2097 914 2120 aus
959 2086 1043 2120 dem
1070 2086 1407 2130 Vol-hergehenden
1451 2097 1494 2119 zu
1539 2097 1595 2120 er—

848 2137 990 2177 giinzen
1009 2133 1069 2167 ist.
1108 2134 1266 2168 remissis
1285 2133 1333 2167 ist
1353 2144 1422 2167 nur
1442 2134 1594 2176 gesetzt,

847 2191 909 2213 um
947 2179 984 2214 in
1022 2180 1107 2214 dem
1144 2179 1350 2224 parallelen
1389 2178 1496 2213 Satze
1535 2179 1595 2213 die

848 2227 992 2269 gleiehe
1006 2226 1277 2261 Konstruktion
1298 2225 1593 2261 beizubehalten.

851 2272 929 2307 Cas.
963 2274 996 2307 b.
1031 2273 1125 2308 Gall.
1159 2273 1174 2306 Ι
1201 2278 1246 2308 40
1272 2273 1375 2308 Haec
1406 2284 1486 2307 eum
1512 2274 1593 2307 ani-

847 2320 1090 2355 madvertisset
1116 2324 1308 2355 convocato
1340 2321 1491 2355 consilio
1523 2331 1593 2354 om·

847 2368 1017 2411 otiumque
1047 2368 1217 2402 ordinum
1250 2368 1299 2402 ad
1331 2368 1371 2401 id
1402 2367 1594 2401 consilium

847 2414 1021 2449 adhibitis
1063 2415 1335 2449 centurionibus
1377 2414 1595 2449 vehementer

846 2471 902 2495 eos
929 2462 1120 2496 incusavit.

887 2518 1052 2552 pressum
1077 2519 1211 2543 omnem
1235 2508 1460 2552 ponderum,
1495 2507 1595 2541 allen

852 2554 1048 2589 lastenden
1091 2555 1232 2598 Druck,
1285 2555 1365 2590 also
1409 2554 1594 2597 Schmerz,

850 2601 1148 2643 Bekiimmernis,
1175 2602 1314 2636 Furcht
1337 2614 1372 2636 u.
1400 2613 1427 2635 s.
1453 2613 1497 2635 w.

897 2653 951 2682 55.
989 2649 1023 2683 si
1060 2660 1182 2683 verum
1219 2650 1444 2693 quaerimus,
1486 2658 1595 2682 wenn

848 2694 916 2729 wir
935 2695 1000 2730 der
1015 2695 1131 2730 Saehe
1146 2696 1212 2730 auf
1229 2696 1300 2730 den
1316 2695 1444 2729 Grund
1461 2694 1592 2739 gehen.

897 2743 1080 2785 custodia,
1119 2742 1178 2777 die
1214 2742 1494 2783 Schutzwaehe‚
1533 2740 1594 2775 die

848 2789 939 2823 fiber
971 2789 1029 2823 die
1056 2789 1274 2834 sorgfaltige
1299 2788 1503 2832 Ausiibung
1528 2786 1595 2822 der

848 2835 983 2870 Pflieht
1008 2836 1140 2870 wacht.

1260 2892 1306 2927 7²?-
