1817 3103
114 271 155 303 51
172 275 220 302 an
247 267 353 301 tanta
380 263 430 300 sit
456 262 540 300 eius
567 262 756 311 tenuitaS,
781 265 825 297 ut
852 259 972 309 fugiat
998 257 1149 297 aciem?

77 608 85 755 1.
122 590 129 625 .

71 889 79 1030 l

144 856 285 887 2mllm
313 860 399 886 OSSG
432 847 627 885 dixerunt.

171 95 227 137 32
689 92 739 127 M.
766 90 929 126 TULLII
958 90 1211 126 CICERONIS

172 216 270 255 quae
308 215 413 242 nunc
451 208 553 241 tecta
591 208 700 253 sunt,
739 212 954 240 casurusne
986 202 1025 238 in
1059 205 1314 251 conspectum
1346 199 1523 238 videatur
1562 200 1727 251 animus,

1205 258 1310 296 Haec
1336 263 1522 309 reputent
1548 259 1632 310 isti,
1663 259 1731 308 qui

172 326 316 372 negant
348 322 520 359 animum
554 320 637 357 sine
670 329 835 368 corpore
875 330 916 356 se
956 317 1184 367 intellegere
1216 328 1350 367 posse:
1388 316 1576 356 videbunt
1616 327 1733 367 quem

172 382 212 419 in
245 381 330 431 ipso
363 390 528 430 corpore
562 376 800 427 intellegant.
862 375 955 414 Mihi
988 375 1145 426 quidem
1185 380 1365 414 naturam
1407 376 1525 413 animi
1563 375 1733 414 intuenti

174 437 296 478 multo
329 437 526 476 difficilior
558 436 734 474 occurrit
765 436 968 486 cogitatio,
1001 433 1123 473 multo
1156 432 1380 485 obscurior,
1424 433 1549 484 qualis
1581 435 1734 472 animus

174 499 214 537 in
247 507 412 547 corpore
451 496 501 533 sit
542 500 739 545 tamquam
772 493 919 532 alienae
952 493 1103 544 domui,
1143 504 1257 543 quam
1291 492 1435 543 qualis,
1474 504 1562 530 cum
1596 492 1737 530 exierit

175 561 214 595 et
239 557 279 593 in
306 554 473 593 liberum
500 552 651 591 caelum
678 553 789 603 quasi
816 552 974 590 domum
1002 564 1111 590 suam
1139 552 1300 589 venerit.
1362 550 1446 588 Nisi
1476 551 1598 602 enim,
1631 549 1736 606 quod

176 610 1138 674 litian—QiniiiQsiQsiQQHegere
1165 622 1395 661 possumus,
1421 614 1528 661 certe
1555 614 1594 647 et
1619 609 1737 647 deum

175 674 303 724 ipsun}
341 678 380 710 et
418 665 593 709 diffusum
627 671 799 708 animum
832 668 1007 720 corpore
1019 664 1241 707 mizi-affini
1268 656 1738 719 ‘cogitaffonemcti

176 721 829 782 nmsfuffiuffſtr'ssicaeai‘chus
862 727 1021 779 quidem
1054 733 1093 766 et
1125 728 1401 778 Aristoxenus,
1443 727 1533 777 quia
1565 725 1737 764 difficilis

178 795 263 828 erat
295 790 413 828 animi
445 787 537 839 quid
572 794 639 827 aut
671 787 796 838 qualis
829 792 934 825 esset
965 786 1247 838 intellegentia,
1282 785 1433 824 nullum
1465 786 1624 823 omnino
1656 785 1736 823 ani-

690 846 760 885 Est
799 845 893 884 illud
928 844 1086 895 quidem
1118 844 1178 883 vel
1211 856 1454 895 maxumum,
1493 844 1622 882 animo
1654 844 1739 894 ipso

179 909 350 946 animum
383 906 536 956 videre,
574 911 613 944 et
644 906 829 943 nimirum
863 904 961 942 hanc
994 903 1111 942 habet
1143 905 1219 941 vim
1251 908 1506 954 praeceptum
1539 901 1740 954 Apollinis,

179 978 256 1017 quo
290 970 422 1004 monet
454 970 497 1002 ut
530 976 571 1002 se
605 965 772 1014 quisque
806 969 951 1001 noscat.
1014 962 1100 1000 Non
1134 963 1255 1013 enim,
1292 961 1428 1013 credo,
1466 961 1502 999 id
1536 961 1740 1012 praecipit,

178 1031 222 1064 ut
260 1023 435 1062 membra
474 1027 608 1061 nostra
646 1028 713 1060 aut
751 1027 940 1060 staturam
981 1021 1193 1071 figuramve
1233 1031 1459 1071 noscamus3
1501 1021 1642 1070 neque*
1669 1030 1741 1070 nos

179 1094 345 1134 corpora
379 1093 535 1132 sumus,
574 1093 646 1119 nec
680 1092 751 1131 ego
784 1079 855 1118 tihi
887 1079 983 1118 haec
1016 1079 1151 1117 dicens
1184 1080 1341 1130 corpori
1374 1084 1442 1116 tuo
1481 1077 1580 1116 dico.
1643 1076 1740 1116 Cum

179 1143 299 1192 igitur
327 1138 461 1179 ‘nosce
489 1136 543 1178 te'
571 1139 683 1191 dicit,
711 1139 784 1177 hoc
811 1138 922 1178 dicit:
962 1135 1096 1176 enosce
1123 1139 1297 1176 animum
1325 1133 1464 1176 tuum.'
1526 1136 1623 1175 Nam
1656 1147 1740 1175 cor-

182 1213 257 1251 pus
296 1199 455 1252 quidem
501 1200 612 1249 quasi
649 1210 715 1237 vas
759 1204 819 1237 est
863 1202 930 1236 aut
974 1196 1130 1247 aliquod
1175 1198 1295 1235 animi
1339 1194 1652 1247 receptaculum:
1696 1193 1744 1233 ab

183 1261 311 1298 animo
339 1264 407 1297 tuo
438 1257 625 1308 quicquid
653 1258 798 1308 agitur,
831 1256 868 1295 id
902 1257 1030 1307 agitur
1063 1267 1083 1294 a
1115 1261 1164 1294 te.
1227 1255 1340 1294 Hunc
1373 1256 1492 1305 igitur
1519 1265 1636 1292 nosse
1668 1254 1745 1292 nisi

183 1318 356 1356 divinum
390 1322 512 1367 esset,
552 1328 629 1354 non
663 1322 768 1354 esset
799 1315 873 1353 hoc
906 1316 1069 1353 acrioris
1103 1314 1306 1352 cuiusdam
1338 1315 1457 1352 animi
1489 1317 1745 1364 praeceptum

183 1375 377 1415 tributum
410 1375 494 1413 deo.

231 1493 287 1525 51.
314 1489 478 1523 animum
502 1487 580 1522 sine
605 1497 768 1531 corpore,
799 1499 825 1521 s.
849 1499 878 1521 z,
899 1487 930 1520 II

184 1541 216 1580 3,
244 1541 262 1571 7
290 1536 473 1571 lectionem
497 1536 575 1570 sine
599 1535 841 1569 delectatione.

234 1584 375 1626 domui,
408 1582 468 1617 die
494 1582 610 1617 ’altere
636 1581 745 1616 Form
773 1581 836 1616 des
862 1581 931 1616 Lo-

183 1631 306 1666 kativ:
350 1631 409 1664 An
452 1629 523 1663 den
568 1628 635 1662 auf
674 1640 699 1663 u
738 1628 930 1663 endenden

185 1678 328 1713 Stamm
341 1677 390 1711 ist
405 1676 470 1710 das
487 1675 653 1711 lokative
672 1676 687 1709 i
707 1675 933 1720 angebangt,

183 1725 308 1769 sp'ziter
336 1724 411 1759 ersi,
433 1723 483 1757 ist
506 1734 532 1758 u
551 1721 817 1767 ausgestossen.
866 1721 933 1756 Die

183 1773 294 1807 Form
330 1771 447 1805 findet
478 1769 556 1804 sich
587 1770 682 1803 auch
716 1769 761 1803 de
794 1767 852 1804 off.
880 1769 931 1803 ΠΙ

185 1823 241 1863 26,
268 1822 325 1853 99.
375 1829 410 1862 p.
437 1817 513 1851 Mil.
543 1820 574 1860 τ,
603 1820 645 1851 16
672 1829 706 1851 u.
735 1816 841 1852 oster.

232 1867 307 1901 nisi
327 1885 370 1890 -—
390 1865 590 1908 intelleyere
606 1874 816 1909 possumus,
842 1866 932 1898 certe

185 1914 290 1948 deum
322 1933 365 1938 —
401 1911 584 1956 complecti
620 1921 694 1945 ozon
725 1921 930 1955 possumus.

186 1961 257 1995 Um
283 1971 326 1994 zu
347 1959 547 2000 beweisen,
575 1957 655 1992 dass
675 1957 742 1992 wir
762 1970 829 1992 uns
849 1957 931 1992 eine

188 2007 293 2042 Seele
314 2006 459 2041 denken
477 2005 641 2048 konnen,
661 2005 803 2039 welche
823 2004 931 2039 keine

186 2053 422 2098 korperliche
442 2052 613 2086 Existenz
639 2052 706 2086 hat
730 2051 805 2086 und
832 2051 936 2086 nicht

188 2100 347 2135 sinnlich
385 2099 671 2134 wahrnehmbar
708 2098 774 2142 ist,
812 2098 937 2132 beruft

188 2148 268 2183 sich
293 2146 367 2181 Cic.
390 2146 524 2181 darauf
531 2174 538 2190 ‚
566 2145 645 2180 dass
667 2145 733 2180 wir
752 2157 819 2180 uns
841 2145 936 2180 auch

189 2194 280 2230 Gott
298 2206 367 2228 nur
386 2194 531 2228 denken
550 2193 715 2236 konnen,
744 2204 852 2227 wenn
871 2192 938 2226 wir

189 2242 256 2276 das
268 2240 567 2275 Nichtsinnliche
588 2252 631 2274 zu
652 2239 837 2275 erkennen
859 2250 937 2274 ver-

190 2291 334 2333 mogen.
374 2288 550 2322 Derselbe
570 2287 712 2321 Beweis
734 2286 826 2321 wird
852 2290 871 2328 ὅ
894 2290 937 2321 70

190 2335 419 2371 wiederholt.
458 2335 597 2369 Darum
609 2334 748 2369 konnte
763 2345 801 2368 er
814 2345 883 2368 nur
898 2344 936 2368 so

190 2381 403 2424 schreiben‚
431 2381 499 2415 wie
526 2381 565 2415 in
585 2381 655 2416 den
676 2381 770 2415 Text
794 2380 939 2425 gesetzt

191 2430 247 2464 ist.
298 2429 367 2463 Die
399 2428 531 2463 Lesart
566 2428 630 2463 der
667 2427 824 2462 Hdsohr.
863 2428 938 2462 m'si

193 2497 234 2501 —
273 2486 348 2511 ‘non
382 2485 591 2519 possumus,
637 2477 727 2509 certe
763 2478 796 2509 et
834 2475 938 2509 deum

190 2524 311 2567 ipsum
332 2543 375 2548 —
396 2523 571 2567 conplecti
583 2532 776 2566 possumus
799 2521 938 2556 konnte

190 2582 259 2605 nur
289 2569 488 2605 bedeuten:
524 2580 631 2603 wenn
663 2580 700 2604 es
733 2580 800 2603 uns
836 2568 940 2603 nicht

191 2618 342 2662 versagt
366 2616 433 2660 ist,
461 2616 525 2651 das
540 2616 784 2651 Unsinnliche
811 2627 854 2650 zu
880 2626 936 2650 er-

192 2664 338 2699 kennen
373 2663 451 2707 (das
486 2663 557 2698 soll
590 2662 791 2698 bedenten:
830 2673 938 2697 wenn

192 2711 259 2745 wir
290 2710 421 2755 irgend
457 2712 570 2745 etwas
597 2709 857 2745 Unsinnliches
895 2721 938 2743 zu

194 2758 378 2792 erkennen
416 2759 648 2802 vermogen),
685 2757 833 2791 ko'nnen
871 2756 939 2790 wir

194 2805 285 2840 Gott
309 2804 377 2839 mit:
402 2804 484 2839 dem
507 2804 633 2839 Geiste
653 2803 826 2838 erfassen.
864 2803 939 2838 Der

194 2851 370 2887 Gedanke
400 2851 524 2886 wiirde
563 2850 652 2885 aber
690 2850 727 2885 in
762 2850 833 2885 den
872 2850 936 2885 Zu-

1004 1486 1273 1529 sammenhang
1294 1484 1399 1519 nieht
1423 1495 1557 1530 passep
1581 1483 1655 1518 und
1682 1494 1747 1518 un-

1003 1532 1087 1568 klar
1113 1532 1363 1577 ausgedriickt
1388 1533 1476 1566 sein.
1528 1531 1627 1566 Uber
1652 1534 1684 1565 et
1704 1550 1747 1555 —

1004 1583 1036 1615 et
1061 1579 1113 1614 im
1137 1579 1337 1624 negativen
1364 1579 1470 1614 Satze
1495 1589 1522 1613 s,
1550 1591 1577 1613 z,
1605 1581 1624 1621 ξ
1651 1581 1706 1612 33.

1052 1627 1218 1661 divinum
1256 1627 1429 1661 dnimum.
1477 1626 1550 1660 Der
1581 1624 1749 1660 mensch-

1005 1673 1103 1708 liche
1131 1673 1235 1708 Geist
1258 1672 1310 1708 ist
1339 1673 1435 1708 nach
1468 1673 1532 1707 der
1564 1671 1750 1708 stoischen

1007 1721 1126 1755 Lehre
1146 1731 1221 1755 von
1240 1720 1435 1755 derselben
1453 1719 1487 1754 N
1491 1721 1574 1754 atur
1596 1719 1666 1754 wie
1687 1718 1753 1753 der

1005 1767 1186 1812 gottliche
1228 1767 1332 1802 Geist
1374 1767 1450 1802 und
1494 1766 1554 1801 ein
1590 1765 1751 1801 Ausfluss

1004 1812 1264 1860 (ἀπόσπασμα)
1291 1814 1494 1849 desselben.

1052 1862 1307 1897 Aristoxenus.
1356 1861 1431 1896 Auf
1456 1861 1522 1895 ihn
1556 1860 1656 1905 passt
1687 1859 1753 1894 das

1003 1909 1084 1943 hier
1121 1910 1273 1954 gesagte
1312 1908 1418 1943 nicht:
1451 1907 1665 1953 eigentlich.
1717 1906 1754 1941 S.

1007 1960 1068 1999 10,
1095 1960 1151 1991 20.
1204 1960 1266 1998 11,
1293 1959 1349 1990 24.

1053 2006 1107 2038 52.
1134 2004 1259 2038 animo
1283 2003 1412 2038 videre.
1465 2002 1498 2038 S.
1529 2005 1589 2044 16,
1617 2005 1672 2037 37.

1055 2061 1125 2095 quo
1149 2053 1283 2093 monet,
1311 2062 1337 2084 s.
1362 2062 1389 2083 z.
1411 2049 1426 2083 Ι
1447 2053 1509 2093 47,
1532 2053 1610 2084 111.

1055 2101 1097 2131 ut
1115 2108 1150 2132 se
1168 2098 1318 2142 quisque
1336 2101 1480 2132 noscat:
1501 2096 1631 2130 Γνῶθι
1645 2106 1752 2130 σεαυ-

1009 2142 1087 2188 τόν,
1107 2145 1172 2179 das
1193 2143 1436 2179 bekanntlich
1457 2143 1548 2177 iiber
1568 2143 1651 2177 dem
1665 2142 1753 2177 Ein-

1010 2202 1132 2236 gange
1179 2203 1260 2226 zum
1303 2190 1556 2235 Delphischen
1601 2189 1756 2234 Tempel
1816 2176 1817 2207 Ῐ

1011 2237 1301 2283 angeschrieben
1327 2237 1444 2272 stand.

1058 2296 1170 2330 neque
1188 2296 1253 2320 nos
1273 2295 1427 2330 corpora
1445 2285 1514 2319 eet.
1559 2283 1654 2319 Plat.
1675 2283 1754 2319 Alc.

1013 2336 1107 2368 130e
1134 2332 1347 2376 διαλέγεται
1368 2352 1409 2357 -
1432 2327 1475 2366 οὖ
1502 2328 1596 2374 πρὸς
1620 2327 1662 2365 τὸ
1689 2328 1756 2365 σὸν

1010 2377 1225 2423 πρόςωπον,
1268 2377 1316 2419 ὡς
1355 2377 1495 2423 ἔοικεν,
1533 2374 1625 2412 ἀλλὰ
1663 2373 1757 2420 πρὸς

1010 2424 1076 2461 τὸν
1092 2423 1324 2473 Ἀλκιβιάδην
1344 2423 1569 2470 ποιούμενος
1588 2422 1677 2464 τοὺς
1696 2422 1756 2459 λό-
1812 2420 1817 2455 ἕ

1010 2485 1115 2518 γους·
1154 2474 1264 2508 τοῦτο
1303 2470 1339 2508 δ’
1378 2470 1477 2507 ἐστὶν
1511 2469 1534 2516 ἡ
1569 2470 1685 2516 ψυχή.
1713 2490 1756 2496 -
1811 2470 1817 2506 ’,

1010 2518 1138 2579 Ψυὲὴν
1160 2517 1238 2576 ᾆρα
1269 2517 1369 2574 ἡμᾶἕ
1400 2516 1546 2575 nel-fist
1565 2518 1758 2575 ’γνωρίσαι

1012 2581 1031 2602 ο
1061 2580 1267 2602 επιταττων
1293 2580 1433 2611 γνωναι
1461 2578 1609 2601 εαυτον.

1058 2615 1213 2650 acrioris
1249 2615 1388 2650 cuiuscl.
1429 2613 1545 2648 animi
1576 2624 1656 2657 pr„
1695 2612 1759 2647 der

1011 2662 1226 2706 Ausspruch
1252 2661 1378 2696 wurde
1401 2659 1535 2695 Chilon
1554 2671 1620 2694 aus
1641 2659 1759 2694 Lake-

1011 2709 1165 2752 d‘amon,
1197 2709 1333 2743 Thales
1365 2719 1429 2743 aus
1455 2706 1563 2742 Milet
1594 2706 1670 2741 und
1695 2718 1759 2741 an·
1814 2697 1815 2744 ἶ

1011 2756 1124 2791 deren
1144 2756 1209 2790 der
1223 2760 1241 2790 7
1257 2754 1409 2790 Weisen
1427 2753 1629 2799 beigelegt.
1674 2752 1759 2798 Vgl.

1012 2803 1058 2838 de
1083 2803 1142 2838 fin.
1170 2802 1204 2836 V
1232 2806 1292 2845 16,
1319 2804 1365 2836 44
1402 2801 1507 2846 Quod
1529 2803 1759 2845 praeceptum
1797 2811 1815 2828 ··

1010 2850 1099 2894 quia
1117 2850 1236 2884 maius
1256 2852 1350 2890 erat,
1366 2859 1475 2894 quam
1493 2851 1535 2883 ut
1554 2848 1599 2883 ab
1619 2848 1760 2883 homine
