1790 3103
260 76 654 112 TUSCULANARUM
680 76 1078 112 DISPUTATIONUM
1106 78 1168 112 III.
1197 82 1343 113 18—22.
1524 78 1575 118 15

31 246 160 286 videre
196 245 332 284 florem
371 246 518 284 rectius
558 257 672 296 quam
711 245 808 283 ssori.
871 243 950 282 Nos
988 245 1270 283 consuetudine
1303 245 1574 297 prohibemur,

29 308 141 359 poeta
174 305 235 342 ius
267 315 381 342 suum
420 305 546 342 tenuit
583 309 621 342 et
660 303 756 342 dixit
787 302 981 342 audacius.
1045 302 1154 341 Cadit
1186 305 1305 353 igitur
1335 305 1374 341 in
1408 304 1608 363 eundem2

31 368 70 404 et
108 363 286 401 misereri
328 368 366 400 et
406 362 590 401 invidere.
652 362 746 400 Nam
787 363 852 413 qui
891 361 995 400 dolet
1034 361 1153 400 rebus
1192 361 1354 400 alicuius
1392 362 1575 414 adversis,

29 421 131 462 idem
163 420 325 459 alicuius
357 422 471 459 etiam
505 421 687 459 secundis
720 420 834 472 dolet,
867 425 910 459 ut
941 420 1245 471 Theophrastus,
1277 421 1479 458 interitum
1511 421 1574 459 de·
1627 424 1631 430 '

29 479 184 533 plorans
217 478 463 518 Callisthenis
496 479 639 518 sodalis
672 480 749 531 sui,
782 479 900 517 rebus
933 479 1139 517 Alexandri
1171 479 1371 530 prosperis
1403 480 1575 529 angitur3

28 540 158 590 itaque
202 537 295 576 dicit
340 537 613 576 Callisthenem
657 537 839 576 incidisse
884 539 921 575 in
969 537 1165 575 homiuem
1210 549 1358 575 summa
1402 538 1573 588 potentia

30 608 257 648 ‚summaque
291 597 462 648 fortuna,
495 596 561 635 sed
594 599 791 649 ignarum,
825 608 939 647 quem
972 596 1017 634 ad
1051 596 1208 634 modum
1241 595 1359 634 rebus
1392 595 1575 634 secundis

28 657 86 696 uti
118 656 354 694 conveniret.
418 656 535 706 Atqui
567 667 683 706 quem
716 655 760 693 ad
794 654 951 693 modum
985 655 1250 693 misericordia
1284 654 1485 705 aegritudo
1518 659 1577 692 est

31 726 75 754 ex
109 714 269 752 alterius
303 713 420 752 rebus
453 714 642 766 adversis,
681 715 737 752 sic
769 714 978 752 invidentia
1011 713 1213 764 aegritudo
1247 720 1305 752 est
1337 726 1381 751 ex
1416 713 1576 751 alterius

28 772 147 812 rebus
179 772 372 811 secundis.
434 772 476 810 ln
511 784 624 823 quem
657 774 777 823 igitur
809 772 910 811 cadit
942 774 1138 824 misereri,
1178 774 1217 811 in
1255 772 1421 810 eundem
1461 773 1575 810 etiam

29 831 214 871 invidere.
276 830 361 869 Non
400 831 501 870 cadit.
539 836 668 870 autem
705 831 877 869 invidere
915 832 954 869 in
988 833 1219 882 sapientem:
1258 843 1349 881 ergo
1382 843 1429 869 ne
1462 831 1576 868 mise-

26 892 107 929 reri
139 889 306 941 quidem.
369 889 479 935 Quod
513 892 545 928 si
578 902 692 941 aegre
726 890 828 928 serre
862 891 1016 941 sapiens
1049 890 1210 941 soleret,
1249 891 1426 928 misereri
1459 890 1574 928 etiam

26 948 179 988 soleret.
241 947 360 987 Abest
392 961 484 999 ergo
517 961 535 987 a
569 951 741 1000 sapiente
775 948 987 1000 aegritudo.

141 1007 243 1046 Haec
287 1008 341 1045 sic
381 1007 566 1046 dicuntur
599 1020 616 1046 a
652 1007 793 1046 Stoicis
832 1007 1197 1058 concludunturque
1232 1009 1468 1058 contortius;
1507 1006 1573 1045 sed
1590 1010 1634 1041 22

26 1065 142 1105 latius
181 1066 376 1117 aliquanto
415 1066 576 1105 dicenda
619 1073 709 1105 sunt
749 1072 786 1105 et
818 1066 1013 1118 diffusius,
1053 1068 1258 1105 sententiis
1298 1073 1425 1104 tamen
1464 1071 1574 1104 uten-

25 1125 117 1164 dum
151 1137 286 1163 eorum
318 1126 583 1177 potissimum,
617 1127 682 1177 qui
714 1127 878 1164 maxime
912 1126 1002 1163 sorti
1036 1132 1090 1176 et,
1134 1132 1176 1163 ut
1209 1127 1259 1163 ita
1293 1125 1434 1176 dicam,
1473 1124 1576 1162 virili

28 1189 194 1223 utuntur
219 1185 369 1222 ratione
397 1189 513 1234 atque
541 1185 744 1223 sententia.
795 1183 890 1222 Nam
917 1183 1179 1236 Peripatetici,
1206 1183 1413 1222 familiares
1440 1184 1576 1235 nostri,

28 1241 171 1294 quibus
209 1241 303 1280 nihil
343 1248 402 1281 est
439 1242 619 1295 uberius,
662 1242 756 1281 nihil
796 1242 1006 1294 eruditius,
1039 1242 1134 1281 nibil
1167 1244 1339 1294 gravius,
1371 1241 1574 1280 mediocri-

24 1307 124 1340 tates
156 1300 214 1339 vel
242 1300 582 1352 perturbationum
616 1301 673 1340 vel
714 1300 940 1340 morborum
980 1303 1096 1340 animi
1128 1301 1222 1340 mibi
1254 1313 1331 1339 non
1365 1313 1456 1339 sane
1488 1312 1575 1352 pro-

24 1359 128 1399 bant.
190 1358 312 1398 Omne
346 1361 448 1398 enim
480 1361 637 1413 malum,
669 1362 783 1399 etiam
816 1359 1025 1412 mediocre,
1058 1360 1200 1399 malum
1234 1366 1310 1414 est,
1343 1372 1414 1398 nos
1446 1366 1574 1398 autem

26 1418 63 1458 id
97 1420 267 1471 agimus,
298 1424 341 1457 ut
372 1418 410 1457 id
443 1421 481 1457 in
516 1421 689 1470 sapiente
723 1419 871 1458 nullum
905 1420 953 1457 sit
987 1420 1155 1457 omnino.
1218 1419 1313 1457 Nam
1346 1425 1388 1457 ut
1421 1431 1576 1470 corpus,

31 187 126 229 Male
156 187 291 226 Latino
324 186 488 238 videtur,
521 186 587 225 sed
620 186 817 237 praeclare
851 187 1008 238 Accius3
1046 193 1088 224 ut
1121 189 1222 225 cuim
1259 187 1398 238 videre,
1431 189 1485 226 sic
1518 188 1574 225 in·
1614 180 1658 423 ἕ

885 1571 940 1602 522.
967 1568 1157 1611 diffusius,
1182 1567 1437 1612 weitliiufiger,
1463 1567 1577 1601 daher

837 1615 975 1658 klarer‚
1001 1616 1052 1649 im
1079 1615 1284 1659 Gegensaiz
1309 1627 1352 1648 zu
1377 1616 1576 1649 contortius

836 1662 1059 1706 gekiinstelt.
1125 1661 1200 1696 Das
1249 1662 1577 1706 gebrauehlichere

837 1709 943 1744 iVort
969 1708 1006 1743 in
1033 1708 1169 1743 diesem
1193 1708 1302 1743 Sinne
1323 1708 1371 1742 ist
1388 1709 1480 1751 fuse,
1506 1708 1575 1743 wie

835 1756 914 1798 fuse
939 1759 970 1790 et
996 1757 1066 1791 late
1090 1757 1215 1798 dicere,
1241 1756 1387 1790 uberius
1406 1760 1437 1791 et
1455 1757 1576 1799 fusius

836 1813 1017 1847 exponere.
1068 1804 1167 1837 Aber
1197 1803 1271 1848 vgl.
1298 1803 1343 1837 de
1377 1802 1450 1839 inv,
1478 1803 1492 1836 Ι
1520 1807 1574 1845 52,

837 1853 880 1884 98
914 1849 1154 1885 Enumeratio
1185 1854 1250 1892 est,
1286 1861 1351 1894 per
1382 1862 1489 1895 quam
1522 1861 1576 1885 res

835 1898 991 1942 disperse
1022 1901 1054 1931 et
1085 1898 1216 1940 diffuse
1248 1898 1365 1932 dictae
1396 1909 1509 1932 unum
1535 1898 1575 1931 in

835 1945 949 1978 locum
974 1948 1161 1990 coquntur.

884 1991 1138 2036 Peripatetici:
1177 1991 1221 2026 de
1259 1992 1317 2026 fin.
1345 1991 1377 2025 V
1403 1996 1441 2035 3,
1475 1996 1492 2026 7
1532 2003 1574 2026 ea:

835 2049 955 2073 corum
999 2040 1091 2073 enim
1134 2040 1280 2083 scriptis
1323 2043 1354 2074 et
1397 2040 1575 2074 institutis

836 2096 913 2119 cum
941 2087 1056 2121 onmis
1081 2086 1247 2121 doctrina
1268 2087 1440 2129 liberalis,
1461 2087 1575 2121 omnis

72 1567 164 1602 male
206 1566 359 1611 Latine,
408 1568 569 1602 niimlich
619 1569 763 1603 dictum.

23 1613 215 1649 Vielmehr
244 1625 321 1648 war
351 1626 394 1649 zu
427 1615 569 1650 Accius'
596 1615 675 1649 Zeit·
706 1615 764 1650 ein

23 1661 223 1697 Accusativ
261 1661 325 1696 der
363 1661 481 1696 Sache
525 1662 585 1697 bei
623 1664 764 1697 invideo

24 1708 129 1743 nicht
141 1707 436 1752 nngewohnlich‚
446 1709 514 1743 wie
525 1710 656 1744 Accius
670 1709 763 1744 auch

25 1756 158 1790 Atreus
201 1758 268 1789 215
316 1755 511 1799 (Ribbeck)
560 1757 620 1791 sed
671 1757 765 1801 quod

0 1783 2 1831 Ι
24 1803 130 1838 multi
148 1803 336 1837 invideant
355 1805 457 1848 sagt,
477 1803 550 1838 und
571 1804 648 1838 sich
669 1804 761 1838 auch

0 1838 1 1865 ¹
25 1851 146 1894 spiiter
170 1849 357 1884 bisweilen
394 1851 451 1884 ein
477 1850 674 1885 Aocusativ
699 1851 763 1885 der

0 1877 2 1961 ἒ
27 1896 144 1931 Saohe
170 1896 288 1931 neben
310 1897 392 1931 dem
413 1896 523 1932 Dativ
543 1898 606 1932 der
626 1898 762 1933 Person

0 1943 149 1978 *findet
200 1942 333 1978 Accius
371 1944 437 1978 hat:
471 1945 631 1980 inridere
664 1946 762 1980 wohl

25 1990 62 2025 in
106 1990 190 2025 dem
228 1989 337 2025 Sinne
377 1994 523 2036 gesagt:
572 1992 660 2027 ‘wer
697 1992 763 2027 hat

11 2036 142 2072 ‘durch
160 2036 373 2072 neidisohen
388 2037 493 2072 Blick
513 2039 761 2083 geschiidigt',

25 2085 95 2119 wie
116 2084 180 2119 das
192 2085 302 2119 Wort
319 2085 379 2119 bei
399 2085 522 2120 Catuli
539 2090 570 2129 5,
588 2091 630 2121 12
652 2088 761 2122 steht.

73 2131 164 2176 Kap.
185 2131 247 2167 10.
274 2135 329 2166 21.
355 2133 481 2177 iyitur,
501 2145 527 2167 s.
543 2133 619 2168 z.11
634 2138 690 2172 22.
706 2138 760 2169 51.

76 2178 351 2223 Theophrastus,
372 2191 398 2214 s.
419 2192 447 2214 z.
468 2181 483 2214 I
505 2184 559 2223 19,
579 2184 634 2216 45.
671 2181 761 2216 Dem

26 2225 228 2260 Andenken
247 2226 310 2260 des
324 2225 573 2262 Kallisthenes
590 2228 762 2263 widmete

26 2282 65 2307 er
89 2272 149 2307 die
176 2272 314 2307 schrift
338 2273 593 2318 Καλλισθένης
625 2271 646 2319 ἢ
679 2275 762 2319 περὶ

26 2318 203 2359 πένθους.
254 2319 287 2354 S.
314 2319 347 2353 V
375 2324 428 2363 10,
455 2324 509 2355 25.

75 2365 314 2410 Callisthenes,
327 2368 554 2402 Aristoteles’
565 2368 599 2403 N
602 2368 680 2411 effe,
689 2381 764 2404 war

28 2413 86 2448 ein
117 2413 227 2448 Mam]
258 2425 329 2448 von
361 2414 534 2449 barscher
567 2415 762 2452 Offenheit.

27 2459 77 2494 Er
100 2460 300 2505 begleitete
325 2461 532 2496 Alexander
560 2463 612 2497 als
638 2463 761 2498 Histo-

27 2507 201 2553 riograph
233 2508 299 2543 auf
321 2508 404 2542 dem
430 2509 529 2553 Zuge
554 2510 649 2545 nach
675 2511 762 2545 Per-

27 2552 104 2589 sien
157 2555 232 2589 und
280 2555 510 2591 widersetzte
565 2557 642 2592 sich
693 2558 763 2592 den

29 2599 352 2646 Schmeicheleien,
379 2603 436 2637 die
460 2603 536 2638 sich
557 2604 764 2640 Alexander

29 2658 119 2692 gern
137 2647 298 2693 gefallen
321 2649 410 2684 liess.
439 2649 568 2695 Sp'ater
587 2652 652 2686 der
665 2652 761 2686 Teii-

29 2696 161 2730 nahme
198 2707 245 2731 an
279 2696 344 2731 der
374 2696 669 2743 Verschworung
699 2699 762 2734 des

29 2739 245 2778 Hermolaos
287 2744 542 2789 beschuldigt,
593 2746 661 2780 soll
698 2746 763 2780 ihn

29 2788 237 2824 Alexander
260 2790 382 2826 haben
407 2793 511 2826 toten
536 2792 667 2828 lassen.

77 2846 178 2881 aeyre
207 2837 300 2880 ferre
325 2855 368 2867 =
395 2840 620 2883 aeyritudine
651 2840 760 2884 affici.

834 2133 1004 2175 historia,
1035 2134 1150 2168 omnis
1174 2143 1285 2167 sermo
1316 2134 1457 2177 eleyans
1480 2134 1576 2167 sumi

830 2183 961 2224 potest,
974 2184 1049 2214 tum
1062 2182 1219 2214 varietas
1239 2183 1287 2214 est
1301 2184 1405 2215 tanta
1425 2181 1574 2223 artium,

836 2230 875 2261 ut
918 2238 1018 2261 ‘nemo
1058 2228 1135 2261 sine
1175 2238 1212 2262 eo
1254 2228 1489 2262 instrumento
1526 2229 1574 2262 ad

837 2274 948 2308 ullam
967 2285 1039 2309 rem
1059 2275 1290 2309 illustriorem
1308 2276 1399 2309 satis
1424 2278 1576 2309 ornatus

829 2323 947 2365 possit
955 2322 1268 2366 accedere.Wegen
1277 2321 1394 2357 dieses
1403 2322 1574 2365 Nutzens,

837 2369 905 2402 den
933 2368 984 2403 sie
1011 2369 1094 2402 dem
1114 2368 1261 2403 Redner
1280 2369 1409 2413 geben,
1429 2369 1576 2404 werden

836 2415 888 2449 sie
913 2416 1115 2458 familiares
1142 2417 1256 2451 nostri
1281 2420 1454 2461 genannt.

882 2463 1142 2498 mediocritates
1173 2464 1354 2507 perturb,
1401 2464 1474 2498 ‘die
1513 2473 1571 2507 ge-

835 2509 1031 2554 m'aissigten
1078 2510 1413 2555 Leidenschaften’,
1463 2510 1572 2545 Arist.

835 2557 918 2591 Eth.
952 2557 1031 2592 Nic.
1068 2557 1101 2591 Π
1140 2562 1160 2592 5
1198 2554 1220 2602 ἡ
1260 2556 1299 2592 δὲ
1339 2554 1451 2603 ἀρετὴ
1489 2557 1574 2605 περὶ

835 2602 942 2648 πάθη
974 2604 1036 2638 καὶ
1070 2603 1222 2647 πράξεις
1256 2602 1371 2648 ἐστίν,
1405 2603 1444 2640 ἐν
1471 2604 1525 2645 οἷς
1551 2608 1572 2646 ὴ

836 2649 904 2695 μὲν
944 2648 1129 2697 ὑπερβολὴ
1169 2649 1423 2697 ἁμαρτάνεται
1455 2653 1516 2686 καὶ
1552 2648 1571 2695 ἡ

836 2697 995 2739 ἔλλειψις
1020 2697 1187 2743 ψέγεται,
1212 2696 1252 2733 τὸ
1273 2698 1313 2734 δὲ
1336 2699 1448 2743 μέσον
1470 2696 1571 2733 ἔπαι-

833 2749 953 2780 νεῖται
979 2746 1042 2780 καὶ
1067 2747 1331 2789 κατορθοῦται.

882 2793 922 2827 id
947 2794 1099 2837 aqimus,
1126 2796 1178 2835 ut,
1203 2793 1236 2826 d.
1252 2794 1274 2826 i.
1296 2794 1334 2826 id
1361 2795 1512 2837 aqimus,
1534 2796 1573 2827 ut

830 2840 1021 2884 probemus
1040 2841 1079 2874 in
1098 2841 1257 2883 sapiente
1279 2839 1416 2874 nullum
1436 2850 1515 2874 esse.
