1790 3103
195 84 252 125 64
715 82 762 116 Μ.
790 82 950 117 TULLII
976 82 1228 118 CICERONIS

196 204 313 243 quam
346 191 546 243 fugienda:
587 191 681 230 haec
724 198 854 231 autem
893 194 1064 244 opinatio
1105 200 1164 232 est
1202 192 1386 231 iudicatio
1425 205 1467 231 se
1509 195 1610 232 scire
1648 193 1755 245 quod

196 252 354 290 nesciat.
417 251 683 301 Aegrotationi
716 256 846 289 autem
879 251 967 289 talia
1000 252 1189 301 quaedam
1223 250 1398 290 subiecta
1432 257 1541 290 sunt:
1582 254 1740 292 avaritia

195 309 373 361 ambitio,
406 309 688 360 mulierositas,
719 311 955 360 pervicacia,
988 309 1199 361 ligurritio,
1233 309 1459 362 vinolentia,
1492 311 1684 362 cuppedia
1715 323 1736 350 e

195 370 227 406 si
260 380 336 419 qua
369 368 519 406 similia.
583 367 652 406 Est
683 373 813 406 autem
846 369 1004 406 avaritia
1038 369 1209 419 opinatio
1244 368 1454 407 vehemens
1492 368 1540 407 de
1573 371 1751 422 pecunia,

195 428 307 478 quasi
340 426 448 465 valde
482 426 698 477 expetenda
736 427 803 477 sit,
845 426 1054 464 inhaerens
1094 433 1132 465 et
1169 427 1326 477 penitus
1366 428 1497 479 insita,
1538 427 1729 478 similisqu

135 495 180 525 27
196 491 256 525 est
288 485 463 524 eiusdem
496 486 652 535 generis
684 484 858 523 delinitio
897 484 1149 535 reliquarum.
1213 484 1483 524 Offensiouum
1521 492 1651 525 autem
1690 486 1754 525 de-

195 545 391 583 finitiones
425 549 516 582 sunt
559 544 643 581 eius
690 542 811 594 modi,
858 549 900 582 ut
944 543 1228 595 inhospitalitas
1273 545 1324 582 sit
1369 545 1499 594 opinio
1545 544 1775 585 vehemens-

196 603 303 641 valde
337 602 565 652 fugiendum
599 613 683 639 esse
716 601 911 652 hospitem
944 614 1067 652 eaque
1100 602 1309 641 inhaerens
1347 608 1386 640 et
1425 604 1582 653 penitus
1620 605 1771 656 insita32'

194 661 454 711 similiterque
500 659 685 698 definitm
730 666 768 698 ct
813 660 1022 699 mulierum
1067 661 1217 712 odium,
1263 667 1305 699 ut
1349 660 1566 713 Hippolyti,
1610 667 1666 714 et,
1711 655 1770 707 ut?

195 719 390 771 Timonis,
422 720 580 769 geneiis
613 717 783 757 humani.

130 777 181 818 12
250 750 442 828 ‘'sAtque
477 782 519 815 ut
551 777 597 815 ad
631 777 864 816 valetudinis
897 778 1193 817 similitudinem
1227 780 1426 817 veniamus
1466 790 1588 829 eaque
1628 778 1756 818 conla-

197 838 302 875 tione
336 843 493 875 utamur
526 835 750 887 aliquando,
783 836 850 875 sed
884 838 1057 889 parcius,
1097 849 1212 888 quam
1246 837 1372 876 solent
1405 837 1544 889 Stoici,
1585 843 1627 876 ut
1664 842 1758 877 sunt

196 895 259 934 alii
301 895 346 934 ad
389 895 482 933 alios
522 894 680 932 morbos
712 895 967 945 procliviores
1001 917 1053 922 —-
1089 897 1220 946 itaque
1265 896 1431 934 dicimus
1477 895 1776 947 gravedinosos=‚

176 954 403 1020 quosdam,
437 952 626 1004 quosdam
654 954 908 1004 t01minosos,
942 966 1019 991 non
1053 956 1143 1004 quia
1176 956 1251 992 iam
1283 955 1378 1006 sint,
1412 954 1479 992 sed
1514 956 1604 1005 quia
1637 947 1775 1006 saepeff

197 1034 250 1039 —
285 1013 340 1050 sic
374 1012 437 1050 alii
470 1011 516 1049 ad
556 1016 720 1062 metum,
766 1011 829 1050 alii
868 1012 914 1050 ad
953 1012 1065 1050 aliam
1105 986 1460 1063 peiturbatiodem:
1505 1024 1552 1051 ex
1597 1025 1673 1063 quo
1718 1014 1775 1052 in

195 1070 280 1109 aliis
313 1072 504 1121 anxietas,
539 1069 641 1108 unde
675 1042 797 1122 alixii,
836 1072 874 1108 in
915 1070 1000 1109 aliis
1039 1071 1239 1109 iiacuudia
1279 1062 1440 1123 dicitur,
1479 1083 1578 1122 quae
1618 1070 1664 1110 ab
1703 1072 1760 1110 ira

196 1129 344 1181 differt,
379 1135 516 1179 estque
550 1128 654 1167 aliud
686 1102 920 1167 iraciindum
953 1136 1058 1180 esse,
1100 1129 1203 1167 aliud
1244 1131 1404 1181 ilatum,
1444 1136 1488 1168 ut
1526 1130 1657 1168 differt
1694 1141 1759 1169 an-

196 1189 319 1226 xietas
346 1187 393 1226 ab
420 1200 586 1238 angore3
617 1199 745 1238 neque
773 1190 876 1226 enim
904 1200 1040 1226 omnes
1067 1190 1187 1239 anxii,
1221 1190 1287 1239 qui
1314 1194 1512 1239 anguntur
1539 1188 1760 1242 aliquando,

197 1259 287 1298 nec,
321 1248 388 1297 qui
421 1248 542 1298 auxii,
581 1258 737 1297 semper
770 1252 987 1298 anguntur3
1027 1253 1070 1285 ut
1108 1249 1211 1285 iuter
1250 1247 1480 1286 ebrietatem
1521 1253 1560 1286 et
1598 1246 1760 1286 ebriosi-

136 1314 180 1346 28
197 1311 316 1344 tatem
348 1307 533 1356 interest,
565 1304 747 1355 aliudque
781 1311 841 1344 est
873 1312 1086 1344 amatorem
1119 1318 1204 1344 esse
1239 1305 1341 1344 aliud
1369 1311 1574 1345 amantem.
1631 1306 1759 1356 Atque

198 1364 293 1404 haec
327 1364 493 1403 aliorum
526 1363 572 1402 ad
606 1363 701 1402 alios
735 1363 892 1403 morbos
925 1364 1149 1416 proclivitas
1188 1364 1263 1403 late
1296 1370 1419 1417 patet3
1462 1376 1550 1402 nam
1589 1365 1761 1415 pertinet

197 1424 243 1462 ad
271 1436 408 1462 omnes
435 1422 774 1475 perturbationes3
807 1424 846 1461 in
873 1423 1006 1461 multis
1034 1424 1150 1461 etiam
1178 1424 1281 1462 vitiis
1308 1423 1483 1475 adparet,
1517 1423 1584 1461 sed
1613 1435 1758 1462 nomen

243 1572 329 1607 haec
355 1575 473 1606 autem
500 1572 684 1616 opinatio.-
723 1572 798 1617 vgl.
833 1575 864 1615 7,
901 1576 941 1606 15

195 1619 444 1663 opinationem
484 1639 526 1644 —-
564 1620 690 1654 volunt
728 1630 798 1654 esse
836 1619 943 1654 imbe-

196 1667 319 1701 cillam
369 1667 629 1702 adsensionem.
676 1687 719 1690 —
765 1666 943 1701 indicatio

200 1713 274 1748 und
300 1714 465 1757 opinatio
485 1714 567 1748 sind
588 1724 660 1749 von
680 1713 808 1749 Cicero
829 1713 943 1748 selbst

196 1760 388 1805 gebildete
415 1760 574 1796 Worter.

243 1830 278 1854 se
303 1820 402 1854 seire.
455 1819 529 1853 Das
558 1818 767 1854 Pronomen
799 1819 941 1854 reflexi-

197 1878 284 1900 vum
309 1867 348 1901 in
373 1866 497 1911 Bezug
530 1866 597 1900 auf
626 1867 691 1901 das
717 1866 941 1911 allgemeine

198 1914 421 1957 Pronomen,
449 1913 515 1948 das
541 1913 579 1947 in
604 1914 783 1948 iudicatio
810 1913 941 1956 steckt,

199 1959 294 1995 ‘dass
321 1971 407 1995 man
434 1959 570 1994 wisse'.
622 1964 654 2003 9,
681 1964 726 1995 20
751 1961 828 1995 sine
854 1971 942 1995 emo-

196 2008 353 2042 lumento
379 2017 454 2042 suo.
507 2007 551 2041 de
578 2008 650 2043 inv.
676 2007 692 2040 I
713 2011 769 2051 51,
791 2011 834 2042 97
861 2017 941 2042 ora-

197 2055 266 2097 tio,
297 2065 388 2099 quae
419 2057 484 2088 aut
515 2055 574 2088 sui
606 2055 748 2089 laudem
781 2058 847 2089 aut
879 2055 942 2089 acl-

195 2102 351 2136 versarii
399 2102 700 2145 vituperationem
749 2102 941 2137 contineat.

197 2148 241 2183 de
273 2148 332 2183 fin.
367 2148 399 2182 ΙΙ
439 2152 495 2191 24,
530 2152 572 2183 78
611 2149 707 2194 Quid
742 2152 860 2183 autem
894 2153 944 2184 est

195 2206 319 2231 amare
346 2216 388 2220 —-
415 2196 490 2230 nisi
524 2196 610 2230 velle
648 2196 752 2231 bonis
788 2196 943 2240 aliquem

197 2243 300 2286 affici
331 2254 440 2286 quam
472 2243 659 2285 maximis,
692 2243 799 2278 etiam
830 2243 863 2278 si
895 2243 944 2278 ad

196 2300 231 2324 se
256 2300 300 2324 ex
325 2290 372 2324 iis
397 2290 492 2324 nihil
516 2290 648 2325 redeat.

239 2348 449 2392 pervicacia
481 2348 548 2382 hat
578 2348 630 2383 im
658 2348 868 2394 Gegensatz
900 2360 943 2382 zu

191 2395 402 2476 psoertinacia
433 2395 565 2429 immet
597 2396 705 2430 einen
739 2395 942 2431 tadelnden

225 2453 298 2476 lun.

245 2501 444 2544 cuppedia,
478 2499 841 2545 Leckerhaftigkeit,
874 2501 943 2536 wie

197 2547 263 2582 das
297 2547 406 2582 Wort
450 2546 679 2582 namentlich
722 2548 772 2581 im
818 2548 944 2583 Plural

197 2594 294 2628 auch
320 2594 377 2628 fiir
402 2594 668 2629 Leckerbissen
694 2595 804 2630 steht.

247 2656 301 2688 27.
346 2653 591 2698 Hippolytus,
635 2653 700 2688 der
738 2652 839 2688 Sohn
879 2654 942 2688 des

197 2699 378 2741 Theseus,
400 2700 465 2734 der
484 2699 542 2734 die
564 2700 851 2744 Liebesantrage
873 2700 942 2735 sei-

198 2758 264 2781 ner
285 2746 518 2782 Stiefmutter
537 2746 685 2782 Phadra
704 2746 941 2790 zuriiokwies,

199 2794 291 2828 wird
323 2794 383 2828 bei
414 2794 608 2839 Euripides
644 2793 882 2839 (Hippolytus
909 2807 940 2828 v.

201 2844 243 2875 10
262 2841 300 2885 f.)
327 2841 381 2876 als
408 2840 662 2876 Weiberfeind
689 2841 917 2887 dargestellt.

1066 1571 1157 1615 Kap.
1186 1571 1248 1606 12.
1299 1571 1417 1616 Atque
1442 1575 1483 1606 nt
1512 1572 1582 1606 cet.
1634 1571 1760 1607 Cicero

1017 1618 1143 1653 machb
1169 1617 1277 1653 einen
1302 1629 1422 1653 neuen
1442 1618 1606 1663 Anfang,
1633 1618 1689 1653 als
1714 1618 1760 1653 ob

1016 1676 1056 1700 er
1086 1665 1145 1699 die
1175 1665 1436 1710 korperlichen
1467 1665 1543 1699 und
1574 1665 1760 1710 geistigen

1016 1711 1201 1747 Zusttinde
1237 1712 1333 1747 noch
1371 1711 1476 1747 nicht
1514 1711 1762 1747 miteinander

1015 1759 1230 1804 verglichen
1256 1760 1377 1802 hatte,
1404 1760 1493 1795 aber
1513 1772 1539 1795 s.
1561 1770 1590 1795 e.
1609 1763 1651 1794 10
1671 1771 1700 1795 Ζ.
1715 1760 1757 1795 A.

1017 1827 1059 1831 —
1100 1806 1167 1840 Die
1212 1806 1452 1851 Hinneigung
1496 1819 1539 1841 zu
1583 1806 1761 1862 gewissen

1015 1853 1173 1889 Fehlern
1197 1855 1362 1888 nannten
1388 1853 1448 1888 die
1474 1853 1623 1888 Stoiker
1650 1850 1760 1898 εὐεμ-

1014 1902 1168 1935 πτωσία.
1197 1900 1297 1935 Stob.
1314 1900 1396 1945 Hp.
1413 1903 1478 1934 182
1499 1897 1761 1956 εὖεμπτωσίαν

1016 1945 1114 1982 εἶναι
1151 1944 1436 2003 εὐκαταφορίαι]
1470 1946 1522 1988 εἰς
1553 1945 1681 1988 πάθος
1712 1959 1762 1988 ως

1015 2008 1050 2029 u
1087 1995 1161 2029 τῶν
1200 1992 1301 2050 παρέξ
1342 2006 1457 2038 φυσιν
1500 2007 1635 2039 ἔργων,
1681 1993 1771 2029 θῖον4

1017 2038 1237 2086 ἐπιλυπιάν,
1264 2038 1500 2097 ὀργιλότητα,
1536 2041 1772 2085 φθονερίαη

1016 2069 1247 2146 ἄκροχολίαν
1277 2088 1340 2122 καὶ
1378 2085 1422 2123 τὰ
1455 2085 1579 2133 ὅμοιοι.
1633 2089 1762 2132 Γίγνε-
1771 2097 1772 2133 g

1017 2137 1109 2170 σθαι
1135 2133 1176 2170 δε
1206 2132 1462 2191 εὖεμπτωσίας
1487 2135 1552 2170 καὶ
1585 2133 1638 2175 εἰς
1668 2133 1772 2170 ἄλλαὲ

1017 2181 1107 2226 ἔργα
1134 2183 1207 2216 τῶν
1233 2180 1335 2225 παρὰ
1363 2180 1477 2227 φύσιν
1511 2179 1559 2222 ὡς
1593 2181 1646 2222 εἰς
1678 2184 1771 2217 nto-1

1016 2227 1090 2269 mig
1129 2228 1192 2263 καὶ
1237 2230 1413 2274 μοιχειᾞας
1466 2229 1658 2264 Wahrend
1701 2228 1760 2264 die

1017 2276 1328 2311 Leidenschaften
1351 2276 1427 2311 und
1447 2276 1507 2311 die
1527 2276 1661 2310 daraus
1683 2276 1760 2311 ent-

1016 2323 1264 2368 springenden
1278 2322 1532 2358 Krankheiten
1546 2323 1652 2359 nicht
1666 2323 1771 2362 ohne.

1016 2370 1124 2415 eigne
1159 2370 1299 2405 Schuld
1338 2370 1402 2405 des
1443 2370 1643 2405 Mensehen
1681 2371 1771 2405 ent-'

1019 2417 1149 2453 stehen
1175 2419 1246 2461 (14,
1273 2418 1352 2461 31),
1390 2417 1538 2452 konnen
1576 2416 1636 2452 die
1669 2416 1770 2451 Eia-³

1017 2465 1228 2509 neigungen
1253 2465 1466 2509 angeboren
1492 2464 1572 2499 sein
1598 2464 1670 2508 (37,
1691 2463 1770 2508 81).=

1064 2512 1169 2546 aliud
1195 2531 1238 2537 —-
1265 2514 1470 2547 amatorem.
1522 2511 1596 2546 Der
1630 2510 1761 2546 Untet*

1017 2558 1145 2593 schied
1183 2558 1232 2593 ist,
1270 2558 1376 2593 nicht:
1413 2558 1544 2593 immet
1581 2557 1760 2592 bewahrt.

1016 2606 1108 2640 Eine
1140 2605 1274 2640 andere
1301 2604 1623 2649 Unterscheidung
1655 2603 1761 2640 stent

1016 2653 1139 2688 Donat:
1174 2664 1217 2686 zu
1252 2652 1333 2687 Ter.
1367 2653 1478 2686 Andr.
1513 2652 1528 2686 Ι
1563 2656 1593 2695 1,
1620 2655 1665 2686 49
1699 2649 1769 2689 auf,

1016 2703 1157 2735 amator
1172 2700 1306 2744 finyere
1321 2702 1447 2743 potest,
1467 2709 1541 2734 non
1559 2699 1654 2734 enim
1672 2709 1759 2733 sem-

1012 2758 1078 2791 per
1104 2749 1220 2789 amat,
1247 2757 1376 2781 amans
1401 2749 1520 2781 autem
1544 2756 1622 2780 vere
1649 2747 1768 2780 amat

1063 2797 1118 2829 28.
1146 2794 1262 2836 vitiis,
1299 2793 1390 2827 iiber
1416 2793 1487 2828 den
1515 2789 1760 2828 Unterschied.

1015 2851 1088 2876 von
1114 2840 1245 2876 morbis
1271 2852 1297 2875 s.
1326 2844 1344 2882 ξ
1372 2843 1428 2874 29.
