1811 3103
309 114 707 151 TUSCULANARUM
733 114 1141 152 DISPUTATIONUM.
1169 116 1212 150 V.
1238 119 1388 152 54—58.

1550 114 1632 157 125

78 226 398 278 communicavit,
430 237 551 277 paene
584 225 706 264 altero
740 225 867 266 Laelio
905 246 952 251 —
990 236 1077 262 nam
1110 225 1214 263 hunc
1252 225 1304 264 illi
1344 225 1444 264 duco
1484 225 1631 264 similli-

79 297 187 324 mum
223 306 272 312 -
327 296 374 323 an
407 296 496 323 cum
536 284 638 323 civili
677 284 776 323 bello
816 285 938 322 victor
977 284 1100 321 iratus
1139 286 1371 322 necessariis
1405 284 1530 323 Catuli
1569 285 1631 323 de-

282 315 292 336 7

77 342 331 395 precantibus
365 355 441 381 non
474 342 594 381 semel
633 342 852 393 respondit,
895 341 961 380 sed
1001 352 1134 392 saepe,

1168 338 1415 380 ‘Moriatur‘e'
1479 343 1520 381 ln
1555 356 1632 394 quo

78 400 230 440 beatior
262 401 342 453 ille,
375 402 443 452 qui
474 401 564 440 huic
599 402 766 439 nefariae
802 401 885 439 voci
917 401 1065 450 paruit,
1104 411 1220 449 quam
1253 401 1302 451 is,
1341 403 1407 451 qui
1441 407 1518 439 tam
1551 415 1632 441 sce-

79 458 199 499 lerate
239 461 453 511 imperavit.

516 459 611 497 Nam
650 471 739 498 cum
778 460 956 509 accipere
995 469 1110 508 quam
1157 458 1284 496 facere
1324 466 1495 508 praestat
1533 462 1631 499 iniu-

79 519 195 569 riam,
235 523 318 556 tum
357 519 473 556 morti
506 519 580 556 iam
624 519 697 568 ipsi
742 516 964 555 adventanti
1008 516 1167 567 paulum
1212 516 1425 567 procedere
1471 517 1634 569 obviam,

80 576 186 627 quod
220 576 313 615 fecit
340 576 518 627 Catulus,
550 587 666 626 quam
699 574 801 626 quod
829 574 992 626 Marius,
1026 575 1112 613 talis
1142 576 1213 613 viri
1245 576 1407 613 interitu
1441 588 1508 614 sex
1542 588 1634 614 suos

77 634 247 674 obruere
281 634 506 674 consulatus
538 639 577 672 et
608 635 872 673 contaminare
906 640 1125 672 extremum
1159 639 1313 687 tempus
1345 635 1493 672 aetatis

79 752 233 804 nysius,
276 763 365 790 cum
404 752 577 802 quinque
624 757 664 790 et
701 752 836 802 viginti
875 757 989 790 natus
1028 763 1149 789 annos
1188 750 1429 789 dominatum
1468 763 1633 802 occupa-

78 811 208 849 ViSSGt.

79 870 268 907 servitute
312 880 539 920 oppressam
589 870 717 908 tenuit
760 867 972 907 civitatem!

271 809 354 856 Qua
386 809 679 860 pulchritudine
712 809 867 862 uibem,
909 809 1051 861 quibus
1084 815 1214 848 autem
1248 809 1387 860 opibus
1421 810 1635 860 piaeditam

1035 868 1153 919 Atqui
1197 867 1245 905 de
1289 868 1363 906 hoc
1413 868 1570 907 homine
1615 881 1635 906 a

77 925 191 966 honis
230 926 458 966 auctoribus
498 929 553 966 sic
591 929 781 979 scriptum
821 928 1043 978 accepimus
1082 938 1274 966 summam
1313 927 1434 965 fuisse
1473 929 1558 966 eius
1595 928 1634 965 in

78 987 184 1025 victu
217 987 533 1038 temperantiam,
572 987 611 1024 in
651 985 849 1036 rebusque
889 985 1076 1037 gerundis
1115 987 1241 1024 virum
1281 997 1410 1024 acrem
1449 992 1489 1024 et
1526 986 1637 1024 indu-

78 1045 220 1084 strium
229 1076 240 1096 ,

285 1043 453 1083 eundem
492 1050 620 1083 tamen
666 1044 885 1083 maleficum
929 1051 1067 1083 natura
1113 1051 1151 1083 et
1195 1045 1396 1082 iniustum.
1458 1044 1515 1082 Ex
1560 1056 1637 1095 quo

77 1102 261 1142 omnibus
294 1102 392 1141 bene
420 1104 623 1142 veritatem
649 1103 895 1142 intuentibus
922 1103 1044 1141 videri
1079 1114 1240 1141 necesse
1268 1109 1328 1141 est
1354 1104 1636 1154 miserrimum3

79 1173 124 1200 ea
156 1163 259 1200 enim
292 1163 392 1213 ipsa,
425 1173 523 1212 quae
563 1163 832 1214 concupierat,
873 1174 920 1200 ne
960 1168 1042 1200 tum
1082 1161 1259 1213 quidem,
1299 1174 1388 1200 cum
1427 1163 1556 1200 omnia
1595 1174 1636 1200 se

77 1232 194 1272 posse
233 1219 435 1271 censebat,
475 1220 802 1271 consequebatur.

865 1220 940 1266 Qui
979 1232 1068 1258 cum
1109 1226 1213 1258 esset
1250 1220 1362 1258 bonis
1407 1220 1665 1271 parentibus·

78 1284 195 1330 atque
227 1278 393 1317 honesto
426 1278 511 1318 loco
545 1284 677 1330 natus,
710 1281 785 1318 etsi
816 1278 855 1317 id
889 1278 1046 1330 quidem
1080 1279 1178 1317 alius
1211 1278 1283 1317 alio
1317 1279 1431 1317 modo
1465 1278 1636 1330 tradidit,

78 1336 375 1388 abundaretque
408 1343 448 1375 et
480 1337 699 1388 aequalium
733 1337 1062 1376 familiaritatibus
1094 1344 1132 1376 et
1165 1337 1450 1376 consuetudine
1477 1338 1635 1388 propin-

78 1407 264 1447 quorum,
297 1395 461 1435 haberet
493 1398 609 1434 etiam
640 1408 748 1434 more
776 1395 960 1435 Graeciae
988 1396 1177 1446 quosdam
1205 1395 1476 1435 adulescentes
1504 1407 1635 1434 amore

77 1455 327 1506 coniunctOS,
360 1454 545 1493 credebat
571 1467 707 1494 eorum
734 1456 898 1507 nemini,
932 1455 998 1493 sed
1031 1456 1097 1506 iis,
1131 1467 1229 1505 quos
1262 1467 1308 1493 ex
1342 1454 1498 1493 familiis
1530 1454 1635 1493 locu-

77 1512 241 1564 pletium
273 1524 406 1551 servos
440 1513 653 1565 delegerat,
693 1512 835 1564 quibus
869 1525 1011 1552 nomen
1044 1515 1245 1552 servitutis
1284 1515 1367 1564 ipse
1401 1513 1635 1564 detraxerat,

77 1576 118 1610 et
150 1571 384 1622 quibusdam
416 1573 600 1610 convenis
633 1577 671 1610 et
709 1572 803 1610 seris
841 1572 1017 1610 barbaris
1056 1573 1233 1622 corporis
1272 1571 1490 1610 custodiam
1532 1583 1634 1611 com-

78 1629 269 1669 mittebat.

120 1800 238 1834 paene
269 1790 380 1825 altero
405 1789 550 1825 Laelio:
582 1790 677 1825 auch
709 1790 818 1824 Catu-

77 1836 135 1870 lus
166 1836 354 1871 zeichnete
393 1836 471 1871 sich
509 1837 623 1871 durch
649 1835 817 1872 Wohlre-

80 1882 233 1918 denheit
257 1883 332 1917 und
350 1882 448 1918 scine
468 1883 629 1929 Bildung
649 1895 725 1918 aus.
770 1884 819 1917 Er

79 1929 225 1965 schrieb
256 1929 459 1965 Memoiren
489 1930 580 1965 iiber
612 1930 690 1965 sein
722 1931 817 1965 Kon-

78 1977 178 2011 sulat
203 1977 278 2011 und
303 1977 497 2012 versuchte
518 1977 597 2012 sich
616 1977 654 2011 in
667 1977 818 2014 Versen.

79 2023 180 2058 Brut.
226 2027 288 2067 35,
334 2028 411 2060 132
440 2042 441 2045 ¹
465 2024 685 2068 Mommsen,
712 2025 817 2059 Rom.

81 2069 274 2106 Gesch.11
302 2073 443 2115 p-178.

128 2117 290 2161 accipere
308 2129 415 2174 quam
434 2118 560 2159 facere.
598 2118 694 2153 Plat.
710 2118 820 2174 Gorg.

85 2175 122 2209 p.
149 2168 217 2199 469
235 2175 253 2199 c
287 2163 334 2198 Εἰ
357 2161 394 2198 δ’
422 2162 630 2208 αναγκαῖον
656 2166 714 2221 εἴη
741 2162 821 2200 ἅδι-

78 2213 162 2245 κεῖν
188 2208 210 2253 ἢ
237 2208 467 2267 ἀδικεῖσθαι,
489 2209 638 2266 ἑλοίμην
663 2208 712 2246 ὂὶν
732 2213 822 2257 μᾶλ-

83 2259 148 2292 λον
183 2255 402 2292 αδικεῖσθαι
436 2254 459 2301 ἢ
494 2254 652 2293 αδικεῐν.
708 2259 820 2293 Arist.

80 2303 166 2340 Ε1311.
193 2304 226 2338 V
252 2315 281 2338 c.
309 2308 328 2339 9
362 2304 427 2339 τοῦ
455 2301 491 2339 δ’
520 2302 749 2349 ἀδικήματος
780 2304 820 2340 τὸ

79 2349 149 2408 μὲν
177 2349 327 2386 ἔλαττον
353 2349 393 2386 τὸ
421 2348 642 2386 ἀδικεῖσθαι’
667 2350 753 2395 ἐστι
780 2351 820 2387 τὸ

79 2396 122 2432 δὲ
168 2399 294 2443 μεῖζον
337 2395 378 2432 τὸ
425 2395 583 2433 ἀδικεῖν.
645 2399 820 2435 Derselbe

81 2411 260 2479 Gedanke
281 2444 395 2479 findet
414 2445 493 2480 sich
514 2445 583 2481 seit
597 2445 703 2481 Plato
724 2446 821 2482 oster

79 2491 140 2526 bei
166 2491 237 2526 den
262 2491 382 2526 Alten.

126 2539 222 2583 quod
259 2538 344 2581 feeit
381 2538 541 2574 Catulus.
593 2539 650 2574 Da
681 2540 818 2576 Marius

79 2584 186 2620 nicht
210 2596 253 2619 zu
279 2585 441 2620 erbitten
467 2597 554 2630 war,
580 2586 753 2622 erstickte
781 2599 820 2622 er

79 2631 158 2666 sich
184 2631 300 2667 selbst
323 2631 439 2667 durch
464 2632 770 2678 Kohlendiimpfe.

126 2689 188 2714 sex
211 2689 294 2714 suos
314 2699 357 2703 —
378 2679 604 2722 consulatus,
630 2680 682 2714 im
699 2680 730 2714 J.
752 2685 816 2716 107

79 2725 155 2759 und
182 2729 377 2761 104—100.

127 2775 320 2807 exto-mnam
345 2776 492 2817 tempus.
542 2772 597 2807 Im
621 2773 653 2807 J.
675 2776 718 2808 86
744 2775 820 2809 trat

79 2818 218 2853 Marius
244 2819 323 2854 sein
348 2819 530 2855 siebentes
554 2820 734 2855 Konsulat
760 2832 818 2864 an,

79 2865 182 2900 starb
208 2866 296 2901 aber
321 2866 433 2902 sehon
459 2867 553 2902 uach
581 2871 622 2902 17
650 2867 785 2913 Tagen.

331 1629 386 1669 lta
418 1636 580 1682 propter
614 1631 799 1670 iniustam
826 1630 1048 1669 dominatus
1075 1630 1330 1682 cupiditatem
1362 1632 1402 1669 in
1435 1642 1634 1669 carcerem

939 1791 1031 1836 Kap.
1059 1790 1122 1825 20.
1174 1794 1231 1825 57.
1264 1790 1487 1836 Deo›1ysz'us‚
1523 1790 1634 1824 niiml.

892 1838 955 1872 der
970 1803 1106 1881 ᾸΙὲθιθ,
1127 1837 1191 1872 der
1211 1848 1282 1872 von
1297 1841 1410 1872 405-
1416 1841 1483 1872 367
1502 1849 1533 1872 v.
1551 1836 1634 1872 Chr.

891 1885 1092 1919 herrschte.

939 1932 1071 1976 quibus
1096 1934 1231 1974 autem,
1259 1942 1287 1965 s.
1314 1944 1342 1965 z.
1371 1931 1420 1965 IV
1513 1934 1544 1966 5.

939 1989 1113 2013 summam
1138 1978 1251 2020 fuisse
1276 1979 1361 2013 eius.
1414 1956 1518 2013 Cor’n.
1541 1976 1634 2022 Nep.

892 2025 936 2060 de
962 2036 1037 2069 reg.
1065 2029 1084 2059 2
1118 2025 1217 2059 Dam
1252 2028 1284 2059 et
1319 2036 1432 2059 manu
1462 2025 1569 2067 fortzs
1604 2028 1636 2060 et

895 2072 978 2107 belh·
996 2073 1140 2117 pentus
1164 2072 1238 2114 fuit
1263 2076 1311 2114 et,
1333 2073 1370 2107 cd
1395 2072 1490 2116 quod
1514 2083 1555 2106 m
1581 2074 1634 2117 ty-

894 2130 1013 2153 ranno
1038 2130 1111 2154 ozon
1135 2119 1243 2162 facile
1268 2120 1463 2163 reperitur,
1489 2119 1635 2153 minime

895 2167 1128 2207 libidinosus,
1172 2176 1245 2200 non
1289 2166 1518 2207 Iuaeuriosus,
1562 2175 1635 2200 non

895 2223 1047 2255 avarus,
1073 2214 1212 2247 nullius
1231 2213 1382 2257 denique
1401 2213 1455 2247 rei
1479 2213 1635 2256 cupidus

894 2260 969 2295 nisi
996 2260 1198 2305 singularis
1223 2260 1460 2304 perpetuique
1490 2260 1635 2304 imperii

895 2307 936 2342 ob
964 2317 1107 2351 eamque
1131 2317 1203 2342 rem
1229 2307 1393 2341 erudelis.

942 2354 1027 2389 bene
1053 2374 1095 2379 ——
1128 2354 1371 2395 intuentibus,
1409 2353 1443 2388 d.
1483 2353 1505 2387 i.
1544 2355 1635 2388 recte

894 2401 981 2442 int.,·
1007 2412 1034 2436 s.
1062 2401 1145 2436 bene
1170 2401 1414 2436 iudicantium
1440 2400 1550 2441 1112,
1577 2403 1607 2434 3.

942 2451 997 2483 58.
1024 2448 1089 2483 etsi
1113 2448 1153 2482 id
1172 2448 1315 2492 quidem
1335 2448 1403 2483 cet.
1454 2446 1519 2480 Bei
1539 2446 1635 2481 Pho-

893 2494 966 2529 tius
991 2506 1026 2539 p.
1048 2498 1115 2529 866
1142 2495 1234 2529 wird
1263 2505 1301 2529 er
1327 2494 1391 2529 der
1412 2493 1511 2528 Sohn
1535 2493 1633 2528 eines

892 2540 1135 2576 Eseltreibers
1161 2542 1342 2586 gemmunt,
1375 2541 1468 2576 uach
1494 2540 1634 2575 Diodor

892 2588 976 2622 XIII
1003 2592 1046 2623 96
1073 2599 1149 2623 war
1175 2600 1214 2623 er
1240 2588 1355 2623 selbst
1374 2587 1633 2632 urspriinglich

891 2635 951 2670 ein
977 2634 1180 2671 Schreiber.

938 2693 982 2716 ex
1001 2683 1173 2725 fannliis,
1194 2693 1259 2716 aus
1280 2681 1344 2716 der
1365 2679 1631 2715 Dieneischaft.

938 2725 1584 2780 detrmveratsvgl.Diodor.X1}
1613 2730 1630 2759 7

892 2773 1176 2830 συμπεριλαβών
1202 2776 1250 2820 τῷ
1272 2775 1346 2808 τῶν
1367 2774 1523 2808 πολιτῶν
1545 2769 1629 2806 ὀνό-

892 2835 978 2877 ματι
999 2819 1086 2861 τοὺς
1106 2811 1437 2865 ἠλευθερωμέιηοις
1464 2816 1631 2863 δούλους,

892 2881 956 2908 οῖς
982 2865 1106 2903 ἐκάλει
1132 2869 1413 2906 νεοπολιἎτας

197 692 281 732 Duo
313 693 360 732 de
394 692 647 743 quadraginta
680 704 802 731 annos
839 699 1026 743 tyrannus
1060 692 1397 742 Syracusanorum
1436 693 1508 731 fuit
1547 692 1632 731 Dio·
1649 669 1705 751 Ξ-)
