<?xml version="1.0" encoding="UTF-8"?>
<!DOCTYPE html PUBLIC "-//W3C//DTD XHTML 1.0 Transitional//EN"
    "http://www.w3.org/TR/xhtml1/DTD/xhtml1-transitional.dtd">
<html xmlns="http://www.w3.org/1999/xhtml" xml:lang="en" lang="en">
 <head>
  <title>
</title>
<meta http-equiv="Content-Type" content="text/html;charset=utf-8" />
  <meta name='ocr-system' content='tesseract 3.04.00' />
  <meta name='ocr-capabilities' content='ocr_page ocr_carea ocr_par ocr_line ocrx_word'/>
</head>
<body>
  <div class='ocr_page' id='page_1' title='image "./tusculanarumdisp01ciceuoft_0095.png"; bbox 0 0 1817 3103; ppageno 0'>
   <div class='ocr_carea' id='block_1_1' title="bbox 266 79 1594 125">
    <p class='ocr_par' dir='ltr' id='par_1_1' title="bbox 266 79 1594 125">
     <span class='ocr_line' id='line_1_1' title="bbox 266 79 1594 125; baseline 0.002 -9"><span class='ocrx_word' id='word_1_1' title='bbox 266 80 659 117; x_wconf 85' lang='lat' dir='ltr'><strong>TUSCULANARUM</strong></span> <span class='ocrx_word' id='word_1_2' title='bbox 685 79 1086 114; x_wconf 79' lang='lat' dir='ltr'><strong>DISPUTATIONUM</strong></span> <span class='ocrx_word' id='word_1_3' title='bbox 1114 82 1139 114; x_wconf 91' lang='grc'>1.</span> <span class='ocrx_word' id='word_1_4' title='bbox 1170 86 1363 117; x_wconf 73' lang='lat' dir='ltr'>lov—113.</span> <span class='ocrx_word' id='word_1_5' title='bbox 1538 84 1594 125; x_wconf 74' lang='lat'>65</span> 
     </span>
    </p>
   </div>
   <div class='ocr_carea' id='block_1_2' title="bbox 37 189 1665 1712">
    <p class='ocr_par' dir='ltr' id='par_1_2' title="bbox 40 189 1595 594">
     <span class='ocr_line' id='line_1_2' title="bbox 42 189 1593 244; baseline 0 -12"><span class='ocrx_word' id='word_1_6' title='bbox 42 192 245 244; x_wconf 78' lang='lat' dir='ltr'>Diagoras,</span> <span class='ocrx_word' id='word_1_7' title='bbox 283 191 571 242; x_wconf 80' lang='lat' dir='ltr'><strong>Olympionices</strong></span> <span class='ocrx_word' id='word_1_8' title='bbox 611 190 768 240; x_wconf 84' lang='lat' dir='ltr'>nobilis,</span> <span class='ocrx_word' id='word_1_9' title='bbox 812 201 889 228; x_wconf 89' lang='lat' dir='ltr'>uno</span> <span class='ocrx_word' id='word_1_10' title='bbox 934 189 995 228; x_wconf 86' lang='lat' dir='ltr'>die</span> <span class='ocrx_word' id='word_1_11' title='bbox 1040 190 1115 228; x_wconf 90' lang='lat' dir='ltr'>duo</span> <span class='ocrx_word' id='word_1_12' title='bbox 1159 203 1250 228; x_wconf 79' lang='lat' dir='ltr'>suos</span> <span class='ocrx_word' id='word_1_13' title='bbox 1289 193 1387 231; x_wconf 79' lang='lat' dir='ltr'>filios</span> <span class='ocrx_word' id='word_1_14' title='bbox 1429 195 1593 234; x_wconf 75' lang='lat' dir='ltr'>victores</span> 
     </span>
     <span class='ocr_line' id='line_1_3' title="bbox 40 247 1592 304; baseline 0.001 -13"><span class='ocrx_word' id='word_1_15' title='bbox 40 251 243 303; x_wconf 81' lang='lat' dir='ltr'>Olympiae</span> <span class='ocrx_word' id='word_1_16' title='bbox 282 250 458 302; x_wconf 85' lang='lat' dir='ltr'>vidisset,</span> <span class='ocrx_word' id='word_1_17' title='bbox 497 250 661 288; x_wconf 87' lang='lat' dir='ltr'>accessit</span> <span class='ocrx_word' id='word_1_18' title='bbox 699 248 744 287; x_wconf 89' lang='lat' dir='ltr'>ad</span> <span class='ocrx_word' id='word_1_19' title='bbox 783 259 917 286; x_wconf 90' lang='lat' dir='ltr'>senem</span> <span class='ocrx_word' id='word_1_20' title='bbox 957 254 994 286; x_wconf 91' lang='lat' dir='ltr'>et</span> <span class='ocrx_word' id='word_1_21' title='bbox 1032 248 1249 299; x_wconf 79' lang='lat' dir='ltr'>gratulatus</span> <span class='ocrx_word' id='word_1_22' title='bbox 1283 247 1470 304; x_wconf 76' lang='lat' dir='ltr'>‘moi-ere,</span> <span class='ocrx_word' id='word_1_23' title='bbox 1509 253 1592 292; x_wconf 89' lang='lat' dir='ltr'>Dia-</span> 
     </span>
     <span class='ocr_line' id='line_1_4' title="bbox 41 304 1593 363; baseline 0.001 -15"><span class='ocrx_word' id='word_1_24' title='bbox 41 306 170 363; x_wconf 80' lang='lat' dir='ltr'>gora&#39;3</span> <span class='ocrx_word' id='word_1_25' title='bbox 213 310 341 360; x_wconf 88' lang='lat' dir='ltr'>inquit</span> <span class='ocrx_word' id='word_1_26' title='bbox 378 306 470 347; x_wconf 78' lang='lat' dir='ltr'>‘non</span> <span class='ocrx_word' id='word_1_27' title='bbox 507 310 611 347; x_wconf 88' lang='lat' dir='ltr'>enim</span> <span class='ocrx_word' id='word_1_28' title='bbox 652 309 690 345; x_wconf 91' lang='lat' dir='ltr'>in</span> <span class='ocrx_word' id='word_1_29' title='bbox 733 306 883 345; x_wconf 86' lang='lat' dir='ltr'>caelum</span> <span class='ocrx_word' id='word_1_30' title='bbox 920 318 1156 346; x_wconf 84' lang='lat' dir='ltr'>ascensurus</span> <span class='ocrx_word' id='word_1_31' title='bbox 1195 304 1264 345; x_wconf 64' lang='lat' dir='ltr'>es?</span> <span class='ocrx_word' id='word_1_32' title='bbox 1327 308 1460 358; x_wconf 77' lang='lat' dir='ltr'>Magna</span> <span class='ocrx_word' id='word_1_33' title='bbox 1499 311 1593 350; x_wconf 75' lang='lat' dir='ltr'>llaec</span> 
     </span>
     <span class='ocr_line' id='line_1_5' title="bbox 41 364 1595 421; baseline -0.001 -13"><span class='ocrx_word' id='word_1_34' title='bbox 41 375 83 408; x_wconf 80' lang='lat' dir='ltr'>et</span> <span class='ocrx_word' id='word_1_35' title='bbox 113 369 276 407; x_wconf 90' lang='lat' dir='ltr'>nimium</span> <span class='ocrx_word' id='word_1_36' title='bbox 308 368 471 406; x_wconf 81' lang='lat' dir='ltr'>sortasse</span> <span class='ocrx_word' id='word_1_37' title='bbox 504 366 641 405; x_wconf 88' lang='lat' dir='ltr'>Graeci</span> <span class='ocrx_word' id='word_1_38' title='bbox 674 370 810 417; x_wconf 88' lang='lat' dir='ltr'>putant</span> <span class='ocrx_word' id='word_1_39' title='bbox 843 364 901 403; x_wconf 87' lang='lat' dir='ltr'>vel</span> <span class='ocrx_word' id='word_1_40' title='bbox 940 371 1022 403; x_wconf 90' lang='lat' dir='ltr'>tum</span> <span class='ocrx_word' id='word_1_41' title='bbox 1060 368 1191 416; x_wconf 89' lang='lat' dir='ltr'>potius</span> <span class='ocrx_word' id='word_1_42' title='bbox 1224 365 1428 417; x_wconf 84' lang='lat' dir='ltr'>putabant,</span> <span class='ocrx_word' id='word_1_43' title='bbox 1471 370 1595 421; x_wconf 83' lang='lat' dir='ltr'>isque,</span> 
     </span>
     <span class='ocr_line' id='line_1_6' title="bbox 43 424 1595 479; baseline -0.001 -13"><span class='ocrx_word' id='word_1_44' title='bbox 43 428 110 479; x_wconf 90' lang='lat' dir='ltr'>qui</span> <span class='ocrx_word' id='word_1_45' title='bbox 147 427 222 466; x_wconf 90' lang='lat' dir='ltr'>hoc</span> <span class='ocrx_word' id='word_1_46' title='bbox 260 426 446 477; x_wconf 80' lang='lat' dir='ltr'>Diagorae</span> <span class='ocrx_word' id='word_1_47' title='bbox 485 426 598 476; x_wconf 86' lang='lat' dir='ltr'>dixit,</span> <span class='ocrx_word' id='word_1_48' title='bbox 635 436 889 475; x_wconf 87' lang='lat' dir='ltr'>permagnum</span> <span class='ocrx_word' id='word_1_49' title='bbox 929 425 1155 462; x_wconf 82' lang='lat' dir='ltr'>existimans</span> <span class='ocrx_word' id='word_1_50' title='bbox 1195 431 1274 463; x_wconf 87' lang='lat' dir='ltr'>tres</span> <span class='ocrx_word' id='word_1_51' title='bbox 1308 424 1595 476; x_wconf 66' lang='lat' dir='ltr'>Olympionicas</span> 
     </span>
     <span class='ocr_line' id='line_1_7' title="bbox 42 482 1594 536; baseline -0.001 -11"><span class='ocrx_word' id='word_1_52' title='bbox 42 498 118 526; x_wconf 90' lang='lat' dir='ltr'>una</span> <span class='ocrx_word' id='word_1_53' title='bbox 152 498 172 524; x_wconf 92' lang='lat' dir='ltr'>e</span> <span class='ocrx_word' id='word_1_54' title='bbox 205 486 318 525; x_wconf 91' lang='lat' dir='ltr'>domo</span> <span class='ocrx_word' id='word_1_55' title='bbox 351 484 526 536; x_wconf 90' lang='lat' dir='ltr'>prodire,</span> <span class='ocrx_word' id='word_1_56' title='bbox 564 484 740 522; x_wconf 85' lang='lat' dir='ltr'>cunctari</span> <span class='ocrx_word' id='word_1_57' title='bbox 772 482 880 521; x_wconf 90' lang='lat' dir='ltr'>illum</span> <span class='ocrx_word' id='word_1_58' title='bbox 913 482 1061 521; x_wconf 84' lang='lat' dir='ltr'>diutius</span> <span class='ocrx_word' id='word_1_59' title='bbox 1098 484 1138 521; x_wconf 90' lang='lat' dir='ltr'>in</span> <span class='ocrx_word' id='word_1_60' title='bbox 1171 485 1246 522; x_wconf 86' lang='lat' dir='ltr'>vita</span> <span class='ocrx_word' id='word_1_61' title='bbox 1280 484 1457 524; x_wconf 77' lang='lat' dir='ltr'>fortunae</span> <span class='ocrx_word' id='word_1_62' title='bbox 1491 485 1594 524; x_wconf 88' lang='lat' dir='ltr'>obie-</span> 
     </span>
     <span class='ocr_line' id='line_1_8' title="bbox 41 543 625 594; baseline -0.007 -10"><span class='ocrx_word' id='word_1_63' title='bbox 41 550 149 584; x_wconf 83' lang='lat' dir='ltr'>ctum</span> <span class='ocrx_word' id='word_1_64' title='bbox 180 543 317 583; x_wconf 89' lang='lat' dir='ltr'>inutile</span> <span class='ocrx_word' id='word_1_65' title='bbox 349 543 509 594; x_wconf 88' lang='lat' dir='ltr'>putabat</span> <span class='ocrx_word' id='word_1_66' title='bbox 540 543 625 593; x_wconf 92' lang='lat' dir='ltr'>ipsi.</span> 
     </span>
    </p>

    <p class='ocr_par' dir='ltr' id='par_1_3' title="bbox 37 599 1665 1594">
     <span class='ocr_line' id='line_1_9' title="bbox 160 599 1596 654; baseline 0 -13"><span class='ocrx_word' id='word_1_67' title='bbox 160 602 241 653; x_wconf 84' lang='lat' dir='ltr'>Ego</span> <span class='ocrx_word' id='word_1_68' title='bbox 273 609 403 641; x_wconf 87' lang='lat' dir='ltr'>autem</span> <span class='ocrx_word' id='word_1_69' title='bbox 442 601 510 640; x_wconf 89' lang='lat' dir='ltr'>tibi</span> <span class='ocrx_word' id='word_1_70' title='bbox 549 601 723 652; x_wconf 78' lang='lat' dir='ltr'>quidem,</span> <span class='ocrx_word' id='word_1_71' title='bbox 762 599 864 650; x_wconf 92' lang='lat' dir='ltr'>quod</span> <span class='ocrx_word' id='word_1_72' title='bbox 904 601 998 638; x_wconf 82' lang='lat' dir='ltr'>satis</span> <span class='ocrx_word' id='word_1_73' title='bbox 1037 608 1157 651; x_wconf 87' lang='lat' dir='ltr'>esset,</span> <span class='ocrx_word' id='word_1_74' title='bbox 1196 603 1330 651; x_wconf 83' lang='lat' dir='ltr'>paucis</span> <span class='ocrx_word' id='word_1_75' title='bbox 1370 602 1514 654; x_wconf 78' lang='lat' dir='ltr'>verbis,</span> <span class='ocrx_word' id='word_1_76' title='bbox 1554 609 1596 641; x_wconf 93' lang='lat' dir='ltr'>ut</span> 
     </span>
     <span class='ocr_line' id='line_1_10' title="bbox 44 658 1595 712; baseline -0.001 -10"><span class='ocrx_word' id='word_1_77' title='bbox 44 661 140 702; x_wconf 84' lang='lat' dir='ltr'>mihi</span> <span class='ocrx_word' id='word_1_78' title='bbox 171 661 347 712; x_wconf 89' lang='lat' dir='ltr'>videbar,</span> <span class='ocrx_word' id='word_1_79' title='bbox 379 659 669 711; x_wconf 81' lang='lat' dir='ltr'>responderam.</span> <span class='ocrx_word' id='word_1_80' title='bbox 723 658 982 697; x_wconf 87' lang='lat' dir='ltr'>Concesseras</span> <span class='ocrx_word' id='word_1_81' title='bbox 1015 660 1118 697; x_wconf 87' lang='lat' dir='ltr'>enim</span> <span class='ocrx_word' id='word_1_82' title='bbox 1151 659 1256 698; x_wconf 92' lang='lat' dir='ltr'>nullo</span> <span class='ocrx_word' id='word_1_83' title='bbox 1289 662 1329 698; x_wconf 87' lang='lat' dir='ltr'>in</span> <span class='ocrx_word' id='word_1_84' title='bbox 1363 661 1461 699; x_wconf 90' lang='lat' dir='ltr'>malo</span> <span class='ocrx_word' id='word_1_85' title='bbox 1494 673 1595 700; x_wconf 85' lang='lat' dir='ltr'>mor-</span> 
     </span>
     <span class='ocr_line' id='line_1_11' title="bbox 42 717 1597 772; baseline 0 -13"><span class='ocrx_word' id='word_1_86' title='bbox 42 727 134 760; x_wconf 88' lang='lat' dir='ltr'>tuos</span> <span class='ocrx_word' id='word_1_87' title='bbox 159 732 263 772; x_wconf 81' lang='lat' dir='ltr'>esse,</span> <span class='ocrx_word' id='word_1_88' title='bbox 295 719 362 758; x_wconf 90' lang='lat' dir='ltr'>sed</span> <span class='ocrx_word' id='word_1_89' title='bbox 394 718 444 757; x_wconf 89' lang='lat' dir='ltr'>ob</span> <span class='ocrx_word' id='word_1_90' title='bbox 477 730 560 757; x_wconf 90' lang='lat' dir='ltr'>eam</span> <span class='ocrx_word' id='word_1_91' title='bbox 587 729 743 756; x_wconf 84' lang='lat' dir='ltr'>causam</span> <span class='ocrx_word' id='word_1_92' title='bbox 770 717 953 755; x_wconf 87' lang='lat' dir='ltr'>contendi</span> <span class='ocrx_word' id='word_1_93' title='bbox 987 724 1029 756; x_wconf 88' lang='lat' dir='ltr'>ut</span> <span class='ocrx_word' id='word_1_94' title='bbox 1059 717 1171 768; x_wconf 88' lang='lat' dir='ltr'>plura</span> <span class='ocrx_word' id='word_1_95' title='bbox 1198 718 1387 770; x_wconf 84' lang='lat' dir='ltr'>dicerem,</span> <span class='ocrx_word' id='word_1_96' title='bbox 1421 720 1524 770; x_wconf 86' lang='lat' dir='ltr'>quod</span> <span class='ocrx_word' id='word_1_97' title='bbox 1557 722 1597 759; x_wconf 85' lang='lat' dir='ltr'>in</span> 
     </span>
     <span class='ocr_line' id='line_1_12' title="bbox 40 775 1597 818; baseline -0.001 0"><span class='ocrx_word' id='word_1_98' title='bbox 40 778 237 818; x_wconf 83' lang='lat' dir='ltr'>desiderio</span> <span class='ocrx_word' id='word_1_99' title='bbox 270 783 309 817; x_wconf 88' lang='lat' dir='ltr'>et</span> <span class='ocrx_word' id='word_1_100' title='bbox 341 778 448 816; x_wconf 87' lang='lat' dir='ltr'>luctu</span> <span class='ocrx_word' id='word_1_101' title='bbox 480 777 575 815; x_wconf 83' lang='lat' dir='ltr'>haec</span> <span class='ocrx_word' id='word_1_102' title='bbox 614 782 674 815; x_wconf 88' lang='lat' dir='ltr'>est</span> <span class='ocrx_word' id='word_1_103' title='bbox 706 775 918 814; x_wconf 83' lang='lat' dir='ltr'>consolatio</span> <span class='ocrx_word' id='word_1_104' title='bbox 951 777 1127 815; x_wconf 82' lang='lat' dir='ltr'>maxima.</span> <span class='ocrx_word' id='word_1_105' title='bbox 1189 776 1376 817; x_wconf 85' lang='lat' dir='ltr'>Nostrum</span> <span class='ocrx_word' id='word_1_106' title='bbox 1417 780 1520 817; x_wconf 91' lang='lat' dir='ltr'>enim</span> <span class='ocrx_word' id='word_1_107' title='bbox 1559 786 1597 818; x_wconf 88' lang='lat' dir='ltr'>et</span> 
     </span>
     <span class='ocr_line' id='line_1_13' title="bbox 42 834 1597 889; baseline -0.001 -12"><span class='ocrx_word' id='word_1_108' title='bbox 42 842 177 877; x_wconf 86' lang='lat' dir='ltr'>nostra</span> <span class='ocrx_word' id='word_1_109' title='bbox 208 848 324 876; x_wconf 88' lang='lat' dir='ltr'>causa</span> <span class='ocrx_word' id='word_1_110' title='bbox 356 842 584 887; x_wconf 86' lang='lat' dir='ltr'>susceptum</span> <span class='ocrx_word' id='word_1_111' title='bbox 609 835 783 874; x_wconf 90' lang='lat' dir='ltr'>dolorem</span> <span class='ocrx_word' id='word_1_112' title='bbox 811 834 961 873; x_wconf 88' lang='lat' dir='ltr'>modice</span> <span class='ocrx_word' id='word_1_113' title='bbox 992 835 1095 874; x_wconf 86' lang='lat' dir='ltr'>serre</span> <span class='ocrx_word' id='word_1_114' title='bbox 1123 835 1328 889; x_wconf 83' lang='lat' dir='ltr'>debemus,</span> <span class='ocrx_word' id='word_1_115' title='bbox 1362 849 1410 876; x_wconf 91' lang='lat' dir='ltr'>ne</span> <span class='ocrx_word' id='word_1_116' title='bbox 1444 845 1597 877; x_wconf 90' lang='lat' dir='ltr'>nosmet</span> 
     </span>
     <span class='ocr_line' id='line_1_14' title="bbox 40 893 1596 948; baseline -0.001 -12"><span class='ocrx_word' id='word_1_117' title='bbox 40 897 147 947; x_wconf 87' lang='lat' dir='ltr'>ipsos</span> <span class='ocrx_word' id='word_1_118' title='bbox 185 907 312 934; x_wconf 87' lang='lat' dir='ltr'>amare</span> <span class='ocrx_word' id='word_1_119' title='bbox 345 895 563 946; x_wconf 84' lang='lat' dir='ltr'>videamur3</span> <span class='ocrx_word' id='word_1_120' title='bbox 604 893 666 932; x_wconf 87' lang='lat' dir='ltr'>illa</span> <span class='ocrx_word' id='word_1_121' title='bbox 705 895 870 945; x_wconf 88' lang='lat' dir='ltr'>suspitio</span> <span class='ocrx_word' id='word_1_122' title='bbox 908 893 1144 933; x_wconf 83' lang='lat' dir='ltr'>intolerabili</span> <span class='ocrx_word' id='word_1_123' title='bbox 1183 895 1316 934; x_wconf 88' lang='lat' dir='ltr'>dolore</span> <span class='ocrx_word' id='word_1_124' title='bbox 1358 897 1524 948; x_wconf 86' lang='lat' dir='ltr'>cruciat,</span> <span class='ocrx_word' id='word_1_125' title='bbox 1563 899 1596 935; x_wconf 89' lang='lat' dir='ltr'>si</span> 
     </span>
     <span class='ocr_line' id='line_1_15' title="bbox 40 953 1596 1006; baseline 0 -12"><span class='ocrx_word' id='word_1_126' title='bbox 40 956 248 1006; x_wconf 81' lang='lat' dir='ltr'>opinamur</span> <span class='ocrx_word' id='word_1_127' title='bbox 280 967 364 1006; x_wconf 82' lang='lat' dir='ltr'>eos,</span> <span class='ocrx_word' id='word_1_128' title='bbox 397 953 540 1004; x_wconf 89' lang='lat' dir='ltr'>quibus</span> <span class='ocrx_word' id='word_1_129' title='bbox 573 953 699 991; x_wconf 86' lang='lat' dir='ltr'>orbati</span> <span class='ocrx_word' id='word_1_130' title='bbox 730 964 884 1004; x_wconf 83' lang='lat' dir='ltr'>sumuS‚</span> <span class='ocrx_word' id='word_1_131' title='bbox 923 965 1008 991; x_wconf 82' lang='lat' dir='ltr'>esse</span> <span class='ocrx_word' id='word_1_132' title='bbox 1042 965 1131 991; x_wconf 91' lang='lat' dir='ltr'>cum</span> <span class='ocrx_word' id='word_1_133' title='bbox 1164 953 1294 1005; x_wconf 86' lang='lat' dir='ltr'>aliquo</span> <span class='ocrx_word' id='word_1_134' title='bbox 1327 967 1445 994; x_wconf 88' lang='lat' dir='ltr'>sensu</span> <span class='ocrx_word' id='word_1_135' title='bbox 1478 957 1517 993; x_wconf 91' lang='lat' dir='ltr'>in</span> <span class='ocrx_word' id='word_1_136' title='bbox 1550 957 1596 994; x_wconf 87' lang='lat' dir='ltr'>iis</span> 
     </span>
     <span class='ocr_line' id='line_1_16' title="bbox 41 1010 1597 1065; baseline 0 -12"><span class='ocrx_word' id='word_1_137' title='bbox 41 1013 171 1065; x_wconf 87' lang='lat' dir='ltr'>malis,</span> <span class='ocrx_word' id='word_1_138' title='bbox 204 1013 345 1064; x_wconf 89' lang='lat' dir='ltr'>quibus</span> <span class='ocrx_word' id='word_1_139' title='bbox 378 1012 488 1063; x_wconf 82' lang='lat' dir='ltr'>volgo</span> <span class='ocrx_word' id='word_1_140' title='bbox 521 1013 743 1062; x_wconf 87' lang='lat' dir='ltr'>opinantur.</span> <span class='ocrx_word' id='word_1_141' title='bbox 805 1010 912 1050; x_wconf 87' lang='lat' dir='ltr'>Hanc</span> <span class='ocrx_word' id='word_1_142' title='bbox 945 1018 1130 1050; x_wconf 84' lang='lat' dir='ltr'>excutere</span> <span class='ocrx_word' id='word_1_143' title='bbox 1164 1014 1388 1064; x_wconf 89' lang='lat' dir='ltr'>opinionem</span> <span class='ocrx_word' id='word_1_144' title='bbox 1421 1014 1597 1053; x_wconf 85' lang='lat' dir='ltr'>mihimet</span> 
     </span>
     <span class='ocr_line' id='line_1_17' title="bbox 41 1068 1665 1123; baseline -0.002 -12"><span class='ocrx_word' id='word_1_145' title='bbox 41 1072 145 1111; x_wconf 88' lang='lat' dir='ltr'>volui</span> <span class='ocrx_word' id='word_1_146' title='bbox 182 1071 386 1123; x_wconf 80' lang='lat' dir='ltr'>radicitus,</span> <span class='ocrx_word' id='word_1_147' title='bbox 426 1083 551 1122; x_wconf 91' lang='lat' dir='ltr'>eoque</span> <span class='ocrx_word' id='word_1_148' title='bbox 591 1071 646 1109; x_wconf 88' lang='lat' dir='ltr'>sui</span> <span class='ocrx_word' id='word_1_149' title='bbox 685 1071 848 1109; x_wconf 83' lang='lat' dir='ltr'>fortasse</span> <span class='ocrx_word' id='word_1_150' title='bbox 887 1070 1050 1121; x_wconf 85' lang='lat' dir='ltr'>longior.</span> <span class='ocrx_word' id='word_1_151' title='bbox 1113 1073 1157 1110; x_wconf 83' lang='grc' dir='ltr'>Α.</span> <span class='ocrx_word' id='word_1_152' title='bbox 1196 1071 1253 1111; x_wconf 90' lang='lat' dir='ltr'>Tu</span> <span class='ocrx_word' id='word_1_153' title='bbox 1293 1070 1474 1123; x_wconf 74' lang='lat' dir='ltr'>longior?</span> <span class='ocrx_word' id='word_1_154' title='bbox 1518 1086 1594 1112; x_wconf 91' lang='lat' dir='ltr'>non</span> <span class='ocrx_word' id='word_1_155' title='bbox 1609 1068 1665 1108; x_wconf 86' lang='lat'>47</span> 
     </span>
     <span class='ocr_line' id='line_1_18' title="bbox 41 1119 1665 1181; baseline 0.001 -12"><span class='ocrx_word' id='word_1_156' title='bbox 41 1131 136 1170; x_wconf 89' lang='lat' dir='ltr'>mihi</span> <span class='ocrx_word' id='word_1_157' title='bbox 169 1131 337 1181; x_wconf 91' lang='lat' dir='ltr'>quidem.</span> <span class='ocrx_word' id='word_1_158' title='bbox 399 1130 512 1168; x_wconf 91' lang='lat' dir='ltr'>Prior</span> <span class='ocrx_word' id='word_1_159' title='bbox 545 1131 648 1167; x_wconf 84' lang='lat' dir='ltr'>cuim</span> <span class='ocrx_word' id='word_1_160' title='bbox 674 1141 763 1180; x_wconf 87' lang='lat' dir='ltr'>pars</span> <span class='ocrx_word' id='word_1_161' title='bbox 790 1130 978 1167; x_wconf 89' lang='lat' dir='ltr'>orationis</span> <span class='ocrx_word' id='word_1_162' title='bbox 1010 1135 1098 1167; x_wconf 85' lang='lat' dir='ltr'>tuae</span> <span class='ocrx_word' id='word_1_163' title='bbox 1126 1130 1291 1169; x_wconf 83' lang='lat' dir='ltr'>faciebat</span> <span class='ocrx_word' id='word_1_164' title='bbox 1322 1138 1366 1169; x_wconf 91' lang='lat' dir='ltr'>ut</span> <span class='ocrx_word' id='word_1_165' title='bbox 1398 1134 1498 1170; x_wconf 79' lang='lat' dir='ltr'>niori</span> <span class='ocrx_word' id='word_1_166' title='bbox 1529 1119 1665 1171; x_wconf 68' lang='lat' dir='ltr'>oti-¹¹²</span> 
     </span>
     <span class='ocr_line' id='line_1_19' title="bbox 40 1187 1596 1242; baseline 0.001 -14"><span class='ocrx_word' id='word_1_167' title='bbox 40 1201 194 1242; x_wconf 86' lang='lat' dir='ltr'>perem,</span> <span class='ocrx_word' id='word_1_168' title='bbox 226 1190 420 1239; x_wconf 88' lang='lat' dir='ltr'>posterior</span> <span class='ocrx_word' id='word_1_169' title='bbox 453 1194 497 1227; x_wconf 89' lang='lat' dir='ltr'>ut</span> <span class='ocrx_word' id='word_1_170' title='bbox 528 1188 642 1225; x_wconf 91' lang='lat' dir='ltr'>modo</span> <span class='ocrx_word' id='word_1_171' title='bbox 670 1200 747 1226; x_wconf 90' lang='lat' dir='ltr'>non</span> <span class='ocrx_word' id='word_1_172' title='bbox 773 1187 932 1239; x_wconf 84' lang='lat' dir='ltr'>nollem,</span> <span class='ocrx_word' id='word_1_173' title='bbox 965 1187 1079 1226; x_wconf 91' lang='lat' dir='ltr'>modo</span> <span class='ocrx_word' id='word_1_174' title='bbox 1112 1200 1190 1226; x_wconf 89' lang='lat' dir='ltr'>non</span> <span class='ocrx_word' id='word_1_175' title='bbox 1222 1189 1458 1242; x_wconf 80' lang='lat' dir='ltr'>laborarem3</span> <span class='ocrx_word' id='word_1_176' title='bbox 1491 1193 1596 1229; x_wconf 90' lang='lat' dir='ltr'>omni</span> 
     </span>
     <span class='ocr_line' id='line_1_20' title="bbox 37 1246 1596 1298; baseline 0.001 -11"><span class='ocrx_word' id='word_1_177' title='bbox 37 1254 170 1287; x_wconf 88' lang='lat' dir='ltr'>autem</span> <span class='ocrx_word' id='word_1_178' title='bbox 203 1249 376 1286; x_wconf 89' lang='lat' dir='ltr'>oratione</span> <span class='ocrx_word' id='word_1_179' title='bbox 410 1246 503 1285; x_wconf 93' lang='lat' dir='ltr'>illud</span> <span class='ocrx_word' id='word_1_180' title='bbox 531 1252 638 1285; x_wconf 90' lang='lat' dir='ltr'>certe</span> <span class='ocrx_word' id='word_1_181' title='bbox 664 1246 882 1296; x_wconf 79' lang='lat' dir='ltr'>perfectum</span> <span class='ocrx_word' id='word_1_182' title='bbox 916 1253 992 1298; x_wconf 83' lang='lat' dir='ltr'>est,</span> <span class='ocrx_word' id='word_1_183' title='bbox 1025 1252 1068 1285; x_wconf 87' lang='lat' dir='ltr'>ut</span> <span class='ocrx_word' id='word_1_184' title='bbox 1099 1253 1266 1286; x_wconf 84' lang='lat' dir='ltr'>mortem</span> <span class='ocrx_word' id='word_1_185' title='bbox 1299 1260 1376 1287; x_wconf 87' lang='lat' dir='ltr'>non</span> <span class='ocrx_word' id='word_1_186' title='bbox 1410 1249 1596 1288; x_wconf 88' lang='lat' dir='ltr'>ducerem</span> 
     </span>
     <span class='ocr_line' id='line_1_21' title="bbox 39 1305 1597 1357; baseline 0.001 -12"><span class='ocrx_word' id='word_1_187' title='bbox 39 1308 80 1346; x_wconf 88' lang='lat' dir='ltr'>in</span> <span class='ocrx_word' id='word_1_188' title='bbox 112 1305 232 1344; x_wconf 88' lang='lat' dir='ltr'>malis.</span> <span class='ocrx_word' id='word_1_189' title='bbox 296 1306 350 1344; x_wconf 91' lang='lat' dir='ltr'>M.</span> <span class='ocrx_word' id='word_1_190' title='bbox 394 1305 495 1344; x_wconf 88' lang='lat' dir='ltr'>Num</span> <span class='ocrx_word' id='word_1_191' title='bbox 526 1307 646 1355; x_wconf 84' lang='lat' dir='ltr'>igitur</span> <span class='ocrx_word' id='word_1_192' title='bbox 679 1306 794 1343; x_wconf 85' lang='lat' dir='ltr'>etiam</span> <span class='ocrx_word' id='word_1_193' title='bbox 826 1305 1030 1344; x_wconf 86' lang='lat' dir='ltr'>rhetorum</span> <span class='ocrx_word' id='word_1_194' title='bbox 1063 1306 1258 1357; x_wconf 84' lang='lat' dir='ltr'>epilogum</span> <span class='ocrx_word' id='word_1_195' title='bbox 1298 1306 1597 1347; x_wconf 75' lang='lat' dir='ltr'>desideramus?</span> 
     </span>
     <span class='ocr_line' id='line_1_22' title="bbox 37 1362 1594 1415; baseline 0.001 -11"><span class='ocrx_word' id='word_1_196' title='bbox 37 1377 88 1404; x_wconf 80' lang='lat' dir='ltr'>an</span> <span class='ocrx_word' id='word_1_197' title='bbox 120 1365 219 1403; x_wconf 87' lang='lat' dir='ltr'>hanc</span> <span class='ocrx_word' id='word_1_198' title='bbox 250 1366 327 1403; x_wconf 90' lang='lat' dir='ltr'>iam</span> <span class='ocrx_word' id='word_1_199' title='bbox 358 1369 479 1403; x_wconf 87' lang='lat' dir='ltr'>artem</span> <span class='ocrx_word' id='word_1_200' title='bbox 513 1363 626 1415; x_wconf 90' lang='lat' dir='ltr'>plane</span> <span class='ocrx_word' id='word_1_201' title='bbox 658 1362 945 1414; x_wconf 78' lang='lat' dir='ltr'>relinquimus?</span> <span class='ocrx_word' id='word_1_202' title='bbox 1006 1367 1051 1403; x_wconf 90' lang='grc' dir='ltr'>Α.</span> <span class='ocrx_word' id='word_1_203' title='bbox 1084 1364 1142 1404; x_wconf 90' lang='lat' dir='ltr'>Tu</span> <span class='ocrx_word' id='word_1_204' title='bbox 1171 1378 1261 1404; x_wconf 86' lang='lat' dir='ltr'>vero</span> <span class='ocrx_word' id='word_1_205' title='bbox 1288 1367 1403 1405; x_wconf 87' lang='lat' dir='ltr'>istam</span> <span class='ocrx_word' id='word_1_206' title='bbox 1431 1380 1479 1405; x_wconf 90' lang='lat' dir='ltr'>ne</span> <span class='ocrx_word' id='word_1_207' title='bbox 1507 1367 1594 1406; x_wconf 89' lang='lat' dir='ltr'>reli-</span> 
     </span>
     <span class='ocr_line' id='line_1_23' title="bbox 41 1423 1596 1478; baseline 0.002 -16"><span class='ocrx_word' id='word_1_208' title='bbox 41 1425 191 1475; x_wconf 78' lang='lat' dir='ltr'>queris,</span> <span class='ocrx_word' id='word_1_209' title='bbox 221 1435 335 1474; x_wconf 87' lang='lat' dir='ltr'>quam</span> <span class='ocrx_word' id='word_1_210' title='bbox 363 1435 517 1474; x_wconf 88' lang='lat' dir='ltr'>semper</span> <span class='ocrx_word' id='word_1_211' title='bbox 544 1424 708 1475; x_wconf 81' lang='lat' dir='ltr'>ornasti,</span> <span class='ocrx_word' id='word_1_212' title='bbox 741 1429 779 1461; x_wconf 88' lang='lat' dir='ltr'>et</span> <span class='ocrx_word' id='word_1_213' title='bbox 811 1423 969 1474; x_wconf 86' lang='lat' dir='ltr'>quidem</span> <span class='ocrx_word' id='word_1_214' title='bbox 1001 1425 1106 1476; x_wconf 80' lang='lat' dir='ltr'>iure3</span> <span class='ocrx_word' id='word_1_215' title='bbox 1138 1424 1202 1462; x_wconf 91' lang='lat' dir='ltr'>illa</span> <span class='ocrx_word' id='word_1_216' title='bbox 1235 1426 1339 1463; x_wconf 85' lang='lat' dir='ltr'>enim</span> <span class='ocrx_word' id='word_1_217' title='bbox 1371 1432 1427 1478; x_wconf 85' lang='lat' dir='ltr'>te,</span> <span class='ocrx_word' id='word_1_218' title='bbox 1460 1438 1596 1465; x_wconf 83' lang='lat' dir='ltr'>verum</span> 
     </span>
     <span class='ocr_line' id='line_1_24' title="bbox 43 1481 1594 1536; baseline 0.002 -15"><span class='ocrx_word' id='word_1_219' title='bbox 43 1484 75 1521; x_wconf 90' lang='lat' dir='ltr'>si</span> <span class='ocrx_word' id='word_1_220' title='bbox 106 1482 214 1533; x_wconf 86' lang='lat' dir='ltr'>loqui</span> <span class='ocrx_word' id='word_1_221' title='bbox 245 1482 440 1534; x_wconf 83' lang='lat' dir='ltr'>volumus,</span> <span class='ocrx_word' id='word_1_222' title='bbox 478 1487 694 1520; x_wconf 84' lang='lat' dir='ltr'>ornaverat.</span> <span class='ocrx_word' id='word_1_223' title='bbox 758 1481 833 1520; x_wconf 91' lang='lat' dir='ltr'>Sed</span> <span class='ocrx_word' id='word_1_224' title='bbox 867 1483 1024 1533; x_wconf 85' lang='lat' dir='ltr'>quinam</span> <span class='ocrx_word' id='word_1_225' title='bbox 1057 1489 1116 1521; x_wconf 87' lang='lat' dir='ltr'>est</span> <span class='ocrx_word' id='word_1_226' title='bbox 1148 1485 1221 1522; x_wconf 84' lang='lat' dir='ltr'>iste</span> <span class='ocrx_word' id='word_1_227' title='bbox 1255 1482 1460 1536; x_wconf 83' lang='lat' dir='ltr'>epilogus?</span> <span class='ocrx_word' id='word_1_228' title='bbox 1502 1498 1594 1524; x_wconf 85' lang='lat' dir='ltr'>aveo</span> 
     </span>
     <span class='ocr_line' id='line_1_25' title="bbox 38 1540 650 1594; baseline -0.003 -14"><span class='ocrx_word' id='word_1_229' title='bbox 38 1543 144 1580; x_wconf 88' lang='lat' dir='ltr'>enim</span> <span class='ocrx_word' id='word_1_230' title='bbox 177 1540 328 1594; x_wconf 82' lang='lat' dir='ltr'>audire,</span> <span class='ocrx_word' id='word_1_231' title='bbox 361 1540 547 1592; x_wconf 88' lang='lat' dir='ltr'>quicquid</span> <span class='ocrx_word' id='word_1_232' title='bbox 580 1546 650 1579; x_wconf 89' lang='lat' dir='ltr'>est.</span> 
     </span>
    </p>

    <p class='ocr_par' dir='ltr' id='par_1_4' title="bbox 40 1598 1662 1712">
     <span class='ocr_line' id='line_1_26' title="bbox 158 1598 1662 1653; baseline 0.003 -16"><span class='ocrx_word' id='word_1_233' title='bbox 158 1599 212 1638; x_wconf 88' lang='lat' dir='ltr'>M.</span> <span class='ocrx_word' id='word_1_234' title='bbox 247 1599 416 1638; x_wconf 89' lang='lat' dir='ltr'>Deorum</span> <span class='ocrx_word' id='word_1_235' title='bbox 448 1598 711 1638; x_wconf 87' lang='lat' dir='ltr'>inmortalium</span> <span class='ocrx_word' id='word_1_236' title='bbox 744 1600 885 1638; x_wconf 85' lang='lat' dir='ltr'>iudicia</span> <span class='ocrx_word' id='word_1_237' title='bbox 921 1599 1048 1639; x_wconf 88' lang='lat' dir='ltr'>solent</span> <span class='ocrx_word' id='word_1_238' title='bbox 1086 1601 1124 1639; x_wconf 90' lang='lat' dir='ltr'>in</span> <span class='ocrx_word' id='word_1_239' title='bbox 1158 1601 1301 1640; x_wconf 85' lang='lat' dir='ltr'>scholis</span> <span class='ocrx_word' id='word_1_240' title='bbox 1334 1603 1512 1653; x_wconf 86' lang='lat' dir='ltr'>proferre</span> <span class='ocrx_word' id='word_1_241' title='bbox 1546 1603 1662 1641; x_wconf 88' lang='lat' dir='ltr'>de113</span> 
     </span>
     <span class='ocr_line' id='line_1_27' title="bbox 40 1658 1594 1712; baseline 0.002 -15"><span class='ocrx_word' id='word_1_242' title='bbox 40 1664 185 1710; x_wconf 81' lang='lat' dir='ltr'>morte,</span> <span class='ocrx_word' id='word_1_243' title='bbox 229 1670 300 1696; x_wconf 88' lang='lat' dir='ltr'>nec</span> <span class='ocrx_word' id='word_1_244' title='bbox 340 1670 430 1696; x_wconf 93' lang='lat' dir='ltr'>vero</span> <span class='ocrx_word' id='word_1_245' title='bbox 475 1670 518 1696; x_wconf 85' lang='lat' dir='ltr'>ea</span> <span class='ocrx_word' id='word_1_246' title='bbox 563 1658 708 1708; x_wconf 79' lang='lat' dir='ltr'>fingere</span> <span class='ocrx_word' id='word_1_247' title='bbox 753 1659 844 1710; x_wconf 74' lang='lat' dir='ltr'>ipsi,</span> <span class='ocrx_word' id='word_1_248' title='bbox 889 1658 955 1696; x_wconf 91' lang='lat' dir='ltr'>sed</span> <span class='ocrx_word' id='word_1_249' title='bbox 994 1658 1193 1699; x_wconf 91' lang='lat' dir='ltr'>Herodoto</span> <span class='ocrx_word' id='word_1_250' title='bbox 1232 1666 1391 1699; x_wconf 89' lang='lat' dir='ltr'>auctore</span> <span class='ocrx_word' id='word_1_251' title='bbox 1431 1661 1594 1712; x_wconf 89' lang='lat' dir='ltr'>aliisque</span> 
     </span>
    </p>
   </div>
   <div class='ocr_carea' id='block_1_3' title="bbox 10 1759 780 2876">
    <p class='ocr_par' dir='ltr' id='par_1_5' title="bbox 38 1759 780 2227">
     <span class='ocr_line' id='line_1_28' title="bbox 89 1759 780 1805; baseline -0.001 -11"><span class='ocrx_word' id='word_1_252' title='bbox 89 1764 166 1795; x_wconf 90' lang='lat'>111.</span> <span class='ocrx_word' id='word_1_253' title='bbox 195 1760 382 1805; x_wconf 69' lang='lat' dir='ltr'>szayoras</span> <span class='ocrx_word' id='word_1_254' title='bbox 414 1770 478 1793; x_wconf 84' lang='lat' dir='ltr'>aus</span> <span class='ocrx_word' id='word_1_255' title='bbox 510 1759 575 1794; x_wconf 88' lang='lat' dir='ltr'>der</span> <span class='ocrx_word' id='word_1_256' title='bbox 607 1759 687 1793; x_wconf 79' lang='lat' dir='ltr'>Zeit</span> <span class='ocrx_word' id='word_1_257' title='bbox 717 1759 780 1794; x_wconf 86' lang='lat' dir='ltr'>der</span> 
     </span>
     <span class='ocr_line' id='line_1_29' title="bbox 39 1805 779 1851; baseline -0.001 -9"><span class='ocrx_word' id='word_1_258' title='bbox 39 1805 299 1851; x_wconf 85' lang='lat' dir='ltr'>Perserkriege</span> <span class='ocrx_word' id='word_1_259' title='bbox 324 1806 373 1841; x_wconf 75' lang='lat' dir='ltr'>ist</span> <span class='ocrx_word' id='word_1_260' title='bbox 397 1817 524 1851; x_wconf 86' lang='lat' dir='ltr'>wegen</span> <span class='ocrx_word' id='word_1_261' title='bbox 551 1806 614 1841; x_wconf 87' lang='lat' dir='ltr'>des</span> <span class='ocrx_word' id='word_1_262' title='bbox 640 1806 779 1851; x_wconf 84' lang='lat' dir='ltr'>Sieges,</span> 
     </span>
     <span class='ocr_line' id='line_1_30' title="bbox 41 1853 778 1897; baseline -0.003 -8"><span class='ocrx_word' id='word_1_263' title='bbox 41 1854 114 1889; x_wconf 89' lang='lat' dir='ltr'>den</span> <span class='ocrx_word' id='word_1_264' title='bbox 139 1865 178 1888; x_wconf 87' lang='lat' dir='ltr'>er</span> <span class='ocrx_word' id='word_1_265' title='bbox 203 1854 257 1889; x_wconf 82' lang='lat' dir='ltr'>als</span> <span class='ocrx_word' id='word_1_266' title='bbox 283 1853 567 1897; x_wconf 59' lang='lat' dir='ltr'>Faustkampfer</span> <span class='ocrx_word' id='word_1_267' title='bbox 592 1853 629 1888; x_wconf 89' lang='lat' dir='ltr'>in</span> <span class='ocrx_word' id='word_1_268' title='bbox 656 1853 778 1897; x_wconf 86' lang='lat' dir='ltr'>Olym-</span> 
     </span>
     <span class='ocr_line' id='line_1_31' title="bbox 39 1900 779 1946; baseline -0.003 -10"><span class='ocrx_word' id='word_1_269' title='bbox 39 1901 105 1946; x_wconf 81' lang='lat' dir='ltr'>pia.</span> <span class='ocrx_word' id='word_1_270' title='bbox 141 1911 314 1945; x_wconf 80' lang='lat' dir='ltr'>gewann,</span> <span class='ocrx_word' id='word_1_271' title='bbox 351 1911 423 1935; x_wconf 85' lang='lat' dir='ltr'>von</span> <span class='ocrx_word' id='word_1_272' title='bbox 461 1900 595 1935; x_wconf 82' lang='lat' dir='ltr'>Pindar</span> <span class='ocrx_word' id='word_1_273' title='bbox 628 1900 682 1936; x_wconf 89' lang='lat' dir='ltr'>Ol.</span> <span class='ocrx_word' id='word_1_274' title='bbox 711 1901 779 1935; x_wconf 86' lang='lat' dir='ltr'>VII</span> 
     </span>
     <span class='ocr_line' id='line_1_32' title="bbox 38 1947 780 1993; baseline -0.001 -10"><span class='ocrx_word' id='word_1_275' title='bbox 38 1947 205 1993; x_wconf 80' lang='lat' dir='ltr'>gefeiert.</span> <span class='ocrx_word' id='word_1_276' title='bbox 255 1947 358 1982; x_wconf 80' lang='lat' dir='ltr'>Nach</span> <span class='ocrx_word' id='word_1_277' title='bbox 387 1947 542 1982; x_wconf 78' lang='lat' dir='ltr'>anderer</span> <span class='ocrx_word' id='word_1_278' title='bbox 568 1947 780 1993; x_wconf 70' lang='lat' dir='ltr'>Erz‘eihlung</span> 
     </span>
     <span class='ocr_line' id='line_1_33' title="bbox 39 1993 777 2039; baseline 0 -10"><span class='ocrx_word' id='word_1_279' title='bbox 39 1994 148 2038; x_wconf 80' lang='lat' dir='ltr'>(Gen.</span> <span class='ocrx_word' id='word_1_280' title='bbox 175 1995 225 2030; x_wconf 91' lang='lat' dir='ltr'>III</span> <span class='ocrx_word' id='word_1_281' title='bbox 253 1999 306 2030; x_wconf 87' lang='lat'>15.</span> <span class='ocrx_word' id='word_1_282' title='bbox 355 1994 511 2030; x_wconf 82' lang='lat' dir='ltr'>Pausan.</span> <span class='ocrx_word' id='word_1_283' title='bbox 539 1993 590 2028; x_wconf 86' lang='lat' dir='ltr'>VI</span> <span class='ocrx_word' id='word_1_284' title='bbox 619 1996 655 2039; x_wconf 84' lang='lat'>7)</span> <span class='ocrx_word' id='word_1_285' title='bbox 685 2007 777 2029; x_wconf 85' lang='lat' dir='ltr'>wur-</span> 
     </span>
     <span class='ocr_line' id='line_1_34' title="bbox 38 2040 779 2086; baseline 0.001 -10"><span class='ocrx_word' id='word_1_286' title='bbox 38 2040 110 2076; x_wconf 84' lang='lat' dir='ltr'>den</span> <span class='ocrx_word' id='word_1_287' title='bbox 124 2041 223 2076; x_wconf 86' lang='lat' dir='ltr'>seine</span> <span class='ocrx_word' id='word_1_288' title='bbox 237 2041 452 2076; x_wconf 74' lang='grc' dir='ltr'>(1ι-518ὃ11115</span> <span class='ocrx_word' id='word_1_289' title='bbox 473 2053 520 2076; x_wconf 84' lang='lat' dir='ltr'>an</span> <span class='ocrx_word' id='word_1_290' title='bbox 545 2042 662 2076; x_wconf 86' lang='lat' dir='ltr'>einem</span> <span class='ocrx_word' id='word_1_291' title='bbox 679 2042 779 2086; x_wconf 83' lang='lat' dir='ltr'>Tage</span> 
     </span>
     <span class='ocr_line' id='line_1_35' title="bbox 38 2088 780 2134; baseline 0.003 -11"><span class='ocrx_word' id='word_1_292' title='bbox 38 2088 95 2124; x_wconf 76' lang='lat' dir='ltr'>als</span> <span class='ocrx_word' id='word_1_293' title='bbox 133 2088 260 2134; x_wconf 84' lang='lat' dir='ltr'>Sieger</span> <span class='ocrx_word' id='word_1_294' title='bbox 296 2088 464 2134; x_wconf 59' lang='lat' dir='ltr'>gement,</span> <span class='ocrx_word' id='word_1_295' title='bbox 502 2089 577 2123; x_wconf 88' lang='lat' dir='ltr'>und</span> <span class='ocrx_word' id='word_1_296' title='bbox 609 2099 648 2123; x_wconf 83' lang='lat' dir='ltr'>er</span> <span class='ocrx_word' id='word_1_297' title='bbox 679 2090 780 2125; x_wconf 75' lang='lat' dir='ltr'>starb</span> 
     </span>
     <span class='ocr_line' id='line_1_36' title="bbox 38 2135 779 2176; baseline 0 -6"><span class='ocrx_word' id='word_1_298' title='bbox 38 2135 209 2170; x_wconf 81' lang='lat' dir='ltr'>wirklich</span> <span class='ocrx_word' id='word_1_299' title='bbox 238 2147 304 2171; x_wconf 88' lang='lat' dir='ltr'>vor</span> <span class='ocrx_word' id='word_1_300' title='bbox 336 2136 495 2176; x_wconf 82' lang='lat' dir='ltr'>Frende,</span> <span class='ocrx_word' id='word_1_301' title='bbox 530 2136 584 2170; x_wconf 82' lang='lat' dir='ltr'>als</span> <span class='ocrx_word' id='word_1_302' title='bbox 617 2136 669 2170; x_wconf 85' lang='lat' dir='ltr'>sie</span> <span class='ocrx_word' id='word_1_303' title='bbox 701 2137 779 2170; x_wconf 88' lang='lat' dir='ltr'>ihm</span> 
     </span>
     <span class='ocr_line' id='line_1_37' title="bbox 38 2181 777 2227; baseline 0.001 -10"><span class='ocrx_word' id='word_1_304' title='bbox 38 2181 119 2217; x_wconf 82' lang='lat' dir='ltr'>ihre</span> <span class='ocrx_word' id='word_1_305' title='bbox 138 2183 279 2218; x_wconf 59' lang='lat' dir='ltr'>Kranze</span> <span class='ocrx_word' id='word_1_306' title='bbox 305 2182 372 2218; x_wconf 84' lang='lat' dir='ltr'>auf</span> <span class='ocrx_word' id='word_1_307' title='bbox 393 2182 458 2217; x_wconf 85' lang='lat' dir='ltr'>das</span> <span class='ocrx_word' id='word_1_308' title='bbox 478 2183 604 2227; x_wconf 73' lang='lat' dir='ltr'>Haupt</span> <span class='ocrx_word' id='word_1_309' title='bbox 629 2184 777 2218; x_wconf 76' lang='lat' dir='ltr'>setzten.</span> 
     </span>
    </p>

    <p class='ocr_par' dir='ltr' id='par_1_6' title="bbox 10 2229 780 2368">
     <span class='ocr_line' id='line_1_38' title="bbox 87 2229 780 2275; baseline 0 -11"><span class='ocrx_word' id='word_1_310' title='bbox 87 2229 167 2274; x_wconf 71' lang='lat' dir='ltr'>qu</span> <span class='ocrx_word' id='word_1_311' title='bbox 211 2234 339 2264; x_wconf 77' lang='lat' dir='ltr'>autem.</span> <span class='ocrx_word' id='word_1_312' title='bbox 397 2230 473 2265; x_wconf 92' lang='lat' dir='ltr'>Vor</span> <span class='ocrx_word' id='word_1_313' title='bbox 516 2229 599 2264; x_wconf 85' lang='lat' dir='ltr'>dem</span> <span class='ocrx_word' id='word_1_314' title='bbox 643 2229 780 2275; x_wconf 83' lang='lat' dir='ltr'>Epilog</span> 
     </span>
     <span class='ocr_line' id='line_1_39' title="bbox 10 2276 780 2321; baseline 0.001 -11"><span class='ocrx_word' id='word_1_315' title='bbox 10 2300 14 2304; x_wconf 90' lang='lat'><em>-</em></span> <span class='ocrx_word' id='word_1_316' title='bbox 39 2276 132 2311; x_wconf 83' lang='lat' dir='ltr'>wird</span> <span class='ocrx_word' id='word_1_317' title='bbox 158 2276 222 2311; x_wconf 81' lang='lat' dir='ltr'>das</span> <span class='ocrx_word' id='word_1_318' title='bbox 247 2277 418 2311; x_wconf 78' lang='lat' dir='ltr'>Resultat</span> <span class='ocrx_word' id='word_1_319' title='bbox 442 2277 506 2311; x_wconf 88' lang='lat' dir='ltr'>der</span> <span class='ocrx_word' id='word_1_320' title='bbox 531 2277 780 2321; x_wconf 83' lang='lat' dir='ltr'>Abhandlung</span> 
     </span>
     <span class='ocr_line' id='line_1_40' title="bbox 39 2322 607 2368; baseline 0 -10"><span class='ocrx_word' id='word_1_321' title='bbox 39 2323 230 2359; x_wconf 80' lang='lat' dir='ltr'>noohmals</span> <span class='ocrx_word' id='word_1_322' title='bbox 255 2322 607 2368; x_wconf 78' lang='lat' dir='ltr'>zusammengefasst.</span> 
     </span>
    </p>

    <p class='ocr_par' dir='ltr' id='par_1_7' title="bbox 89 2369 536 2414">
     <span class='ocr_line' id='line_1_41' title="bbox 89 2369 536 2414; baseline -0.002 -9"><span class='ocrx_word' id='word_1_323' title='bbox 89 2369 336 2414; x_wconf 76' lang='lat' dir='ltr'>Concesseras,</span> <span class='ocrx_word' id='word_1_324' title='bbox 363 2382 389 2404; x_wconf 88' lang='grc'>5.</span> <span class='ocrx_word' id='word_1_325' title='bbox 419 2374 455 2414; x_wconf 85' lang='grc'>7,</span> <span class='ocrx_word' id='word_1_326' title='bbox 485 2374 536 2405; x_wconf 88' lang='grc'>14.</span> 
     </span>
    </p>

    <p class='ocr_par' dir='ltr' id='par_1_8' title="bbox 37 2417 780 2876">
     <span class='ocr_line' id='line_1_42' title="bbox 87 2417 777 2462; baseline 0.001 -10"><span class='ocrx_word' id='word_1_327' title='bbox 87 2428 132 2452; x_wconf 74' lang='lat' dir='ltr'>ne</span> <span class='ocrx_word' id='word_1_328' title='bbox 164 2422 297 2453; x_wconf 79' lang='lat' dir='ltr'>nosmet</span> <span class='ocrx_word' id='word_1_329' title='bbox 328 2419 423 2462; x_wconf 77' lang='lat' dir='ltr'>ipsos</span> <span class='ocrx_word' id='word_1_330' title='bbox 460 2428 598 2460; x_wconf 85' lang='lat' dir='ltr'>amare,</span> <span class='ocrx_word' id='word_1_331' title='bbox 639 2417 777 2462; x_wconf 83' lang='lat' dir='ltr'>‘eigen—</span> 
     </span>
     <span class='ocr_line' id='line_1_43' title="bbox 40 2463 777 2509; baseline 0.001 -11"><span class='ocrx_word' id='word_1_332' title='bbox 40 2463 184 2509; x_wconf 77' lang='lat' dir='ltr'>nfitzig,</span> <span class='ocrx_word' id='word_1_333' title='bbox 217 2465 417 2509; x_wconf 80' lang='lat' dir='ltr'>egoistisch</span> <span class='ocrx_word' id='word_1_334' title='bbox 449 2464 553 2500; x_wconf 84' lang='lat' dir='ltr'>sein&#39;.</span> <span class='ocrx_word' id='word_1_335' title='bbox 606 2465 649 2499; x_wconf 86' lang='lat' dir='ltr'>de</span> <span class='ocrx_word' id='word_1_336' title='bbox 676 2465 735 2500; x_wconf 84' lang='lat' dir='ltr'>off.</span> <span class='ocrx_word' id='word_1_337' title='bbox 763 2466 777 2499; x_wconf 92' lang='lat' dir='ltr'>I</span> 
     </span>
     <span class='ocr_line' id='line_1_44' title="bbox 40 2512 778 2556; baseline 0.001 -10"><span class='ocrx_word' id='word_1_338' title='bbox 40 2513 82 2553; x_wconf 85' lang='grc'>9,</span> <span class='ocrx_word' id='word_1_339' title='bbox 106 2514 150 2546; x_wconf 82' lang='grc'>29</span> <span class='ocrx_word' id='word_1_340' title='bbox 175 2512 283 2555; x_wconf 71' lang='lat' dir='ltr'>facile</span> <span class='ocrx_word' id='word_1_341' title='bbox 307 2512 401 2556; x_wconf 77' lang='lat' dir='ltr'>quod</span> <span class='ocrx_word' id='word_1_342' title='bbox 423 2513 592 2556; x_wconf 75' lang='lat' dir='ltr'>cuiusque</span> <span class='ocrx_word' id='word_1_343' title='bbox 612 2514 778 2556; x_wconf 78' lang='lat' dir='ltr'>temporis</span> 
     </span>
     <span class='ocr_line' id='line_1_45' title="bbox 39 2557 777 2603; baseline 0.003 -11"><span class='ocrx_word' id='word_1_344' title='bbox 39 2557 200 2600; x_wconf 69' lang='lat' dir='ltr'>officium</span> <span class='ocrx_word' id='word_1_345' title='bbox 225 2560 289 2601; x_wconf 71' lang='lat' dir='ltr'>sit,</span> <span class='ocrx_word' id='word_1_346' title='bbox 311 2559 525 2603; x_wconf 75' lang='lat' dir='ltr'>poterimus,</span> <span class='ocrx_word' id='word_1_347' title='bbox 550 2559 624 2593; x_wconf 73' lang='lat' dir='ltr'>‘nisi</span> <span class='ocrx_word' id='word_1_348' title='bbox 646 2563 777 2594; x_wconf 75' lang='lat' dir='ltr'>nosmet</span> 
     </span>
     <span class='ocr_line' id='line_1_46' title="bbox 41 2603 777 2648; baseline 0.004 -10"><span class='ocrx_word' id='word_1_349' title='bbox 41 2603 140 2648; x_wconf 77' lang='lat' dir='ltr'>ipsos</span> <span class='ocrx_word' id='word_1_350' title='bbox 157 2606 260 2640; x_wconf 84' lang='lat' dir='ltr'>valde</span> <span class='ocrx_word' id='word_1_351' title='bbox 279 2606 497 2648; x_wconf 79' lang='lat' dir='ltr'>amabimus,</span> <span class='ocrx_word' id='word_1_352' title='bbox 518 2606 690 2642; x_wconf 81' lang='lat' dir='ltr'>iudicare.</span> <span class='ocrx_word' id='word_1_353' title='bbox 729 2607 777 2641; x_wconf 83' lang='lat' dir='ltr'>ad</span> 
     </span>
     <span class='ocr_line' id='line_1_47' title="bbox 39 2649 779 2697; baseline 0.004 -12"><span class='ocrx_word' id='word_1_354' title='bbox 39 2649 84 2692; x_wconf 84' lang='lat' dir='ltr'>Q.</span> <span class='ocrx_word' id='word_1_355' title='bbox 109 2650 151 2686; x_wconf 87' lang='lat' dir='ltr'>fr.</span> <span class='ocrx_word' id='word_1_356' title='bbox 177 2651 228 2687; x_wconf 95' lang='lat' dir='ltr'>III</span> <span class='ocrx_word' id='word_1_357' title='bbox 253 2657 291 2696; x_wconf 85' lang='lat'>8,</span> <span class='ocrx_word' id='word_1_358' title='bbox 312 2658 333 2687; x_wconf 86' lang='lat'>4</span> <span class='ocrx_word' id='word_1_359' title='bbox 359 2664 465 2697; x_wconf 76' lang='lat' dir='ltr'>quam</span> <span class='ocrx_word' id='word_1_360' title='bbox 489 2664 524 2687; x_wconf 86' lang='lat' dir='ltr'>se</span> <span class='ocrx_word' id='word_1_361' title='bbox 549 2653 624 2696; x_wconf 78' lang='lat' dir='ltr'>ipse</span> <span class='ocrx_word' id='word_1_362' title='bbox 651 2665 779 2689; x_wconf 71' lang='lat' dir='ltr'>amans</span> 
     </span>
     <span class='ocr_line' id='line_1_48' title="bbox 37 2698 259 2735; baseline 0.018 -4"><span class='ocrx_word' id='word_1_363' title='bbox 37 2698 117 2732; x_wconf 71' lang='lat' dir='ltr'>sine</span> <span class='ocrx_word' id='word_1_364' title='bbox 140 2699 259 2735; x_wconf 77' lang='lat' dir='ltr'>rivali.</span> 
     </span>
     <span class='ocr_line' id='line_1_49' title="bbox 41 2747 780 2837; baseline 0.007 -13"><span class='ocrx_word' id='word_1_365' title='bbox 41 2749 242 2827; x_wconf 49' lang='lat' dir='ltr'>lassfflzgffi</span> <span class='ocrx_word' id='word_1_366' title='bbox 255 2767 345 2837; x_wconf 77' lang='lat' dir='ltr'>ge—rn</span> <span class='ocrx_word' id='word_1_367' title='bbox 359 2757 432 2828; x_wconf 52' lang='grc' dir='ltr'>ἔξω</span> <span class='ocrx_word' id='word_1_368' title='bbox 443 2747 780 2829; x_wconf 49' lang='grc' dir='ltr'>(ἔὲνὲῗιζηέἰᾝῑθὲἑέ</span> 
     </span>
     <span class='ocr_line' id='line_1_50' title="bbox 41 2835 779 2876; baseline 0.007 -5"><span class='ocrx_word' id='word_1_369' title='bbox 41 2835 255 2874; x_wconf 78' lang='lat' dir='ltr'>Substantiv</span> <span class='ocrx_word' id='word_1_370' title='bbox 295 2840 365 2875; x_wconf 88' lang='lat' dir='ltr'>den</span> <span class='ocrx_word' id='word_1_371' title='bbox 390 2840 474 2875; x_wconf 84' lang='lat' dir='ltr'>Ace.</span> <span class='ocrx_word' id='word_1_372' title='bbox 514 2852 544 2876; x_wconf 90' lang='lat' dir='ltr'>c.</span> <span class='ocrx_word' id='word_1_373' title='bbox 582 2839 646 2875; x_wconf 82' lang='lat' dir='ltr'>inf.</span> <span class='ocrx_word' id='word_1_374' title='bbox 691 2841 779 2876; x_wconf 85' lang='lat' dir='ltr'>oder</span> 
     </span>
    </p>
   </div>
   <div class='ocr_carea' id='block_1_4' title="bbox 111 2903 443 2931">
    <p class='ocr_par' dir='ltr' id='par_1_9' title="bbox 111 2903 443 2931">
     <span class='ocr_line' id='line_1_51' title="bbox 111 2903 443 2931; baseline 0.012 -4"><span class='ocrx_word' id='word_1_375' title='bbox 111 2903 217 2928; x_wconf 69' lang='lat' dir='ltr'>mex</span> <span class='ocrx_word' id='word_1_376' title='bbox 252 2904 310 2930; x_wconf 87' lang='lat' dir='ltr'>Cic.</span> <span class='ocrx_word' id='word_1_377' title='bbox 326 2906 443 2931; x_wconf 70' lang='lat' dir='ltr'>Tuscul-</span> 
     </span>
    </p>
   </div>
   <div class='ocr_carea' id='block_1_5' title="bbox 850 1759 1596 2831">
    <p class='ocr_par' dir='ltr' id='par_1_10' title="bbox 851 1759 1596 2231">
     <span class='ocr_line' id='line_1_52' title="bbox 853 1759 1594 1807; baseline 0.004 -13"><span class='ocrx_word' id='word_1_378' title='bbox 853 1759 960 1794; x_wconf 88' lang='lat' dir='ltr'>einen</span> <span class='ocrx_word' id='word_1_379' title='bbox 982 1760 1066 1796; x_wconf 75' lang='lat' dir='ltr'>Satz</span> <span class='ocrx_word' id='word_1_380' title='bbox 1089 1761 1156 1795; x_wconf 80' lang='lat' dir='ltr'>mit</span> <span class='ocrx_word' id='word_1_381' title='bbox 1182 1765 1221 1796; x_wconf 79' lang='lat' dir='ltr'>ut</span> <span class='ocrx_word' id='word_1_382' title='bbox 1246 1762 1442 1807; x_wconf 64' lang='lat' dir='ltr'>abhangen</span> <span class='ocrx_word' id='word_1_383' title='bbox 1465 1763 1594 1806; x_wconf 77' lang='lat' dir='ltr'>(etwas</span> 
     </span>
     <span class='ocr_line' id='line_1_53' title="bbox 853 1807 1595 1851; baseline 0.005 -10"><span class='ocrx_word' id='word_1_384' title='bbox 853 1807 1006 1842; x_wconf 85' lang='lat' dir='ltr'>anderes</span> <span class='ocrx_word' id='word_1_385' title='bbox 1033 1809 1082 1842; x_wconf 76' lang='lat' dir='ltr'>ist</span> <span class='ocrx_word' id='word_1_386' title='bbox 1107 1819 1159 1851; x_wconf 85' lang='lat' dir='ltr'>es,</span> <span class='ocrx_word' id='word_1_387' title='bbox 1190 1820 1296 1843; x_wconf 83' lang='lat' dir='ltr'>wenn</span> <span class='ocrx_word' id='word_1_388' title='bbox 1322 1809 1386 1844; x_wconf 85' lang='lat' dir='ltr'>der</span> <span class='ocrx_word' id='word_1_389' title='bbox 1413 1809 1497 1844; x_wconf 78' lang='lat' dir='ltr'>Satz</span> <span class='ocrx_word' id='word_1_390' title='bbox 1522 1821 1595 1845; x_wconf 82' lang='lat' dir='ltr'>von</span> 
     </span>
     <span class='ocr_line' id='line_1_54' title="bbox 853 1854 1594 1901; baseline 0.007 -14"><span class='ocrx_word' id='word_1_391' title='bbox 853 1854 953 1888; x_wconf 85' lang='lat' dir='ltr'>einer</span> <span class='ocrx_word' id='word_1_392' title='bbox 971 1854 1109 1890; x_wconf 81' lang='lat' dir='ltr'>Phrase</span> <span class='ocrx_word' id='word_1_393' title='bbox 1129 1856 1198 1890; x_wconf 85' lang='lat' dir='ltr'>wie</span> <span class='ocrx_word' id='word_1_394' title='bbox 1220 1858 1374 1900; x_wconf 78' lang='lat' dir='ltr'>suspitio</span> <span class='ocrx_word' id='word_1_395' title='bbox 1400 1860 1466 1899; x_wconf 80' lang='lat' dir='ltr'>est,</span> <span class='ocrx_word' id='word_1_396' title='bbox 1486 1868 1594 1901; x_wconf 81' lang='lat' dir='ltr'>prae-</span> 
     </span>
     <span class='ocr_line' id='line_1_55' title="bbox 852 1903 1594 1948; baseline 0.005 -13"><span class='ocrx_word' id='word_1_397' title='bbox 852 1904 990 1945; x_wconf 81' lang='lat' dir='ltr'>ceptum</span> <span class='ocrx_word' id='word_1_398' title='bbox 1009 1903 1073 1936; x_wconf 79' lang='lat' dir='ltr'>dat</span> <span class='ocrx_word' id='word_1_399' title='bbox 1093 1903 1290 1948; x_wconf 61' lang='lat' dir='ltr'>abhangt),</span> <span class='ocrx_word' id='word_1_400' title='bbox 1319 1903 1476 1938; x_wconf 86' lang='lat' dir='ltr'>sondern</span> <span class='ocrx_word' id='word_1_401' title='bbox 1502 1904 1594 1939; x_wconf 86' lang='lat' dir='ltr'>liebt</span> 
     </span>
     <span class='ocr_line' id='line_1_56' title="bbox 851 1947 1596 1995; baseline 0.004 -13"><span class='ocrx_word' id='word_1_402' title='bbox 851 1947 890 1982; x_wconf 86' lang='lat' dir='ltr'>in</span> <span class='ocrx_word' id='word_1_403' title='bbox 927 1947 1009 1983; x_wconf 85' lang='lat' dir='ltr'>dem</span> <span class='ocrx_word' id='word_1_404' title='bbox 1050 1949 1151 1984; x_wconf 82' lang='lat' dir='ltr'>Falle</span> <span class='ocrx_word' id='word_1_405' title='bbox 1190 1950 1271 1985; x_wconf 89' lang='lat' dir='ltr'>eine</span> <span class='ocrx_word' id='word_1_406' title='bbox 1298 1950 1596 1995; x_wconf 87' lang='lat' dir='ltr'>Umschreibung</span> 
     </span>
     <span class='ocr_line' id='line_1_57' title="bbox 853 1993 1595 2043; baseline 0.005 -15"><span class='ocrx_word' id='word_1_407' title='bbox 853 1993 921 2030; x_wconf 88' lang='lat' dir='ltr'>wie</span> <span class='ocrx_word' id='word_1_408' title='bbox 959 1995 1057 2030; x_wconf 88' lang='lat' dir='ltr'>hier:</span> <span class='ocrx_word' id='word_1_409' title='bbox 1095 1998 1128 2031; x_wconf 86' lang='lat' dir='ltr'>si</span> <span class='ocrx_word' id='word_1_410' title='bbox 1164 1998 1370 2041; x_wconf 67' lang='lat' dir='ltr'>opinamur.</span> <span class='ocrx_word' id='word_1_411' title='bbox 1422 1998 1504 2043; x_wconf 84' lang='lat' dir='ltr'>Vgl.</span> <span class='ocrx_word' id='word_1_412' title='bbox 1544 1999 1595 2032; x_wconf 90' lang='lat' dir='ltr'>III</span> 
     </span>
     <span class='ocr_line' id='line_1_58' title="bbox 853 2044 1593 2089; baseline 0.005 -13"><span class='ocrx_word' id='word_1_413' title='bbox 853 2045 908 2084; x_wconf 88' lang='lat'>31,</span> <span class='ocrx_word' id='word_1_414' title='bbox 945 2047 987 2077; x_wconf 83' lang='lat'>76</span> <span class='ocrx_word' id='word_1_415' title='bbox 1027 2044 1209 2078; x_wconf 79' lang='lat' dir='ltr'>detrahere</span> <span class='ocrx_word' id='word_1_416' title='bbox 1246 2045 1347 2079; x_wconf 81' lang='lat' dir='ltr'>illam</span> <span class='ocrx_word' id='word_1_417' title='bbox 1390 2046 1593 2089; x_wconf 77' lang='lat' dir='ltr'>opinionem</span> 
     </span>
     <span class='ocr_line' id='line_1_59' title="bbox 852 2091 1592 2136; baseline 0.007 -14"><span class='ocrx_word' id='word_1_418' title='bbox 852 2091 1042 2132; x_wconf 78' lang='lat' dir='ltr'>maerenti,</span> <span class='ocrx_word' id='word_1_419' title='bbox 1073 2092 1105 2125; x_wconf 82' lang='lat' dir='ltr'>si</span> <span class='ocrx_word' id='word_1_420' title='bbox 1135 2102 1170 2126; x_wconf 86' lang='lat' dir='ltr'>se</span> <span class='ocrx_word' id='word_1_421' title='bbox 1199 2093 1318 2134; x_wconf 62' lang='lat' dir='ltr'>officio</span> <span class='ocrx_word' id='word_1_422' title='bbox 1349 2093 1458 2136; x_wconf 73' lang='lat' dir='ltr'>funyz&#39;</span> <span class='ocrx_word' id='word_1_423' title='bbox 1478 2096 1592 2136; x_wconf 80' lang='lat' dir='ltr'>patet.</span> 
     </span>
     <span class='ocr_line' id='line_1_60' title="bbox 852 2135 1595 2183; baseline 0.005 -14"><span class='ocrx_word' id='word_1_424' title='bbox 852 2135 867 2168; x_wconf 88' lang='grc' dir='ltr'>Ι</span> <span class='ocrx_word' id='word_1_425' title='bbox 889 2141 945 2179; x_wconf 83' lang='grc'>47,</span> <span class='ocrx_word' id='word_1_426' title='bbox 965 2141 1008 2171; x_wconf 81' lang='grc'>52</span> <span class='ocrx_word' id='word_1_427' title='bbox 1029 2139 1122 2172; x_wconf 75' lang='lat' dir='ltr'>hanc</span> <span class='ocrx_word' id='word_1_428' title='bbox 1148 2139 1219 2173; x_wconf 72' lang='lat' dir='ltr'>vim</span> <span class='ocrx_word' id='word_1_429' title='bbox 1243 2139 1347 2174; x_wconf 78' lang='lat' dir='ltr'>habet</span> <span class='ocrx_word' id='word_1_430' title='bbox 1364 2143 1595 2183; x_wconf 73' lang='lat' dir='ltr'>praeceptum</span> 
     </span>
     <span class='ocr_line' id='line_1_61' title="bbox 852 2184 1594 2231; baseline 0.005 -14"><span class='ocrx_word' id='word_1_431' title='bbox 852 2184 941 2227; x_wconf 59' lang='lat' dir='ltr'>Ap„</span> <span class='ocrx_word' id='word_1_432' title='bbox 958 2195 1027 2228; x_wconf 77' lang='lat' dir='ltr'>quo</span> <span class='ocrx_word' id='word_1_433' title='bbox 1041 2189 1173 2227; x_wconf 77' lang='lat' dir='ltr'>monet,</span> <span class='ocrx_word' id='word_1_434' title='bbox 1193 2189 1233 2219; x_wconf 82' lang='lat' dir='ltr'>ut</span> <span class='ocrx_word' id='word_1_435' title='bbox 1245 2197 1281 2220; x_wconf 81' lang='lat' dir='ltr'>se</span> <span class='ocrx_word' id='word_1_436' title='bbox 1294 2187 1442 2231; x_wconf 75' lang='lat' dir='ltr'>quisque</span> <span class='ocrx_word' id='word_1_437' title='bbox 1461 2190 1594 2221; x_wconf 74' lang='lat' dir='ltr'>noscat.</span> 
     </span>
    </p>

    <p class='ocr_par' dir='ltr' id='par_1_11' title="bbox 851 2229 1595 2510">
     <span class='ocr_line' id='line_1_62' title="bbox 899 2229 1594 2278; baseline 0.006 -14"><span class='ocrx_word' id='word_1_438' title='bbox 899 2229 990 2276; x_wconf 85' lang='lat' dir='ltr'>Kap.</span> <span class='ocrx_word' id='word_1_439' title='bbox 1013 2231 1075 2267; x_wconf 81' lang='lat'>47.</span> <span class='ocrx_word' id='word_1_440' title='bbox 1106 2236 1182 2268; x_wconf 83' lang='lat'>112.</span> <span class='ocrx_word' id='word_1_441' title='bbox 1207 2233 1385 2268; x_wconf 78' lang='lat' dir='ltr'>rhetorum</span> <span class='ocrx_word' id='word_1_442' title='bbox 1405 2234 1594 2278; x_wconf 71' lang='lat' dir='ltr'>epiloqum,</span> 
     </span>
     <span class='ocr_line' id='line_1_63' title="bbox 852 2277 1594 2323; baseline 0.005 -12"><span class='ocrx_word' id='word_1_443' title='bbox 852 2277 958 2312; x_wconf 82' lang='lat' dir='ltr'>einen</span> <span class='ocrx_word' id='word_1_444' title='bbox 984 2278 1137 2323; x_wconf 83' lang='lat' dir='ltr'>Epilog‚</span> <span class='ocrx_word' id='word_1_445' title='bbox 1175 2280 1244 2314; x_wconf 82' lang='lat' dir='ltr'>wie</span> <span class='ocrx_word' id='word_1_446' title='bbox 1280 2280 1345 2315; x_wconf 86' lang='lat' dir='ltr'>ihn</span> <span class='ocrx_word' id='word_1_447' title='bbox 1380 2279 1438 2315; x_wconf 88' lang='lat' dir='ltr'>die</span> <span class='ocrx_word' id='word_1_448' title='bbox 1476 2281 1594 2315; x_wconf 82' lang='lat' dir='ltr'>Rede-</span> 
     </span>
     <span class='ocr_line' id='line_1_64' title="bbox 852 2324 1595 2373; baseline 0.005 -15"><span class='ocrx_word' id='word_1_449' title='bbox 852 2324 974 2359; x_wconf 86' lang='lat' dir='ltr'>lehrer</span> <span class='ocrx_word' id='word_1_450' title='bbox 1017 2327 1288 2363; x_wconf 81' lang='lat' dir='ltr'>vorschreiben.</span> <span class='ocrx_word' id='word_1_451' title='bbox 1342 2326 1416 2362; x_wconf 91' lang='lat' dir='ltr'>Der</span> <span class='ocrx_word' id='word_1_452' title='bbox 1460 2328 1595 2373; x_wconf 85' lang='lat' dir='ltr'>Epilog</span> 
     </span>
     <span class='ocr_line' id='line_1_65' title="bbox 853 2372 1593 2419; baseline 0.007 -15"><span class='ocrx_word' id='word_1_453' title='bbox 853 2372 959 2406; x_wconf 80' lang='lat' dir='ltr'>sucht</span> <span class='ocrx_word' id='word_1_454' title='bbox 985 2372 1049 2407; x_wconf 88' lang='lat' dir='ltr'>das</span> <span class='ocrx_word' id='word_1_455' title='bbox 1076 2373 1235 2418; x_wconf 75' lang='lat' dir='ltr'>Gesagte</span> <span class='ocrx_word' id='word_1_456' title='bbox 1262 2374 1378 2409; x_wconf 88' lang='lat' dir='ltr'>durch</span> <span class='ocrx_word' id='word_1_457' title='bbox 1398 2373 1593 2419; x_wconf 83' lang='lat' dir='ltr'>Beispie1e‚</span> 
     </span>
     <span class='ocr_line' id='line_1_66' title="bbox 851 2417 1592 2462; baseline 0.005 -10"><span class='ocrx_word' id='word_1_458' title='bbox 851 2417 931 2462; x_wconf 64' lang='lat' dir='ltr'>bier</span> <span class='ocrx_word' id='word_1_459' title='bbox 975 2419 1089 2454; x_wconf 88' lang='lat' dir='ltr'>durch</span> <span class='ocrx_word' id='word_1_460' title='bbox 1135 2420 1271 2455; x_wconf 83' lang='lat' dir='ltr'>Orakel</span> <span class='ocrx_word' id='word_1_461' title='bbox 1314 2434 1357 2455; x_wconf 87' lang='lat' dir='ltr'>zu</span> <span class='ocrx_word' id='word_1_462' title='bbox 1399 2421 1592 2456; x_wconf 85' lang='lat' dir='ltr'>beweisen.</span> 
     </span>
     <span class='ocr_line' id='line_1_67' title="bbox 851 2464 1387 2510; baseline 0.006 -11"><span class='ocrx_word' id='word_1_463' title='bbox 851 2464 949 2500; x_wconf 85' lang='lat' dir='ltr'>Uber</span> <span class='ocrx_word' id='word_1_464' title='bbox 973 2478 1078 2509; x_wconf 73' lang='lat' dir='ltr'>num,</span> <span class='ocrx_word' id='word_1_465' title='bbox 1104 2479 1153 2501; x_wconf 83' lang='lat' dir='ltr'>an</span> <span class='ocrx_word' id='word_1_466' title='bbox 1178 2480 1203 2502; x_wconf 92' lang='grc'>5.</span> <span class='ocrx_word' id='word_1_467' title='bbox 1231 2481 1259 2502; x_wconf 83' lang='grc' dir='ltr'>Ζ.</span> <span class='ocrx_word' id='word_1_468' title='bbox 1288 2471 1306 2510; x_wconf 69' lang='grc' dir='ltr'>ἓ</span> <span class='ocrx_word' id='word_1_469' title='bbox 1334 2472 1387 2503; x_wconf 86' lang='grc'>50.</span> 
     </span>
    </p>

    <p class='ocr_par' dir='ltr' id='par_1_12' title="bbox 897 2514 1591 2557">
     <span class='ocr_line' id='line_1_68' title="bbox 897 2514 1591 2557; baseline 0.004 -10"><span class='ocrx_word' id='word_1_470' title='bbox 897 2514 991 2548; x_wconf 77' lang='lat' dir='ltr'>Itane</span> <span class='ocrx_word' id='word_1_471' title='bbox 1016 2518 1146 2557; x_wconf 85' lang='lat' dir='ltr'>artem,</span> <span class='ocrx_word' id='word_1_472' title='bbox 1181 2515 1344 2550; x_wconf 64' lang='lat' dir='ltr'>ni&#39;tmlich</span> <span class='ocrx_word' id='word_1_473' title='bbox 1371 2516 1591 2550; x_wconf 80' lang='lat' dir='ltr'>rhetoricam.</span> 
     </span>
    </p>

    <p class='ocr_par' dir='ltr' id='par_1_13' title="bbox 850 2562 1595 2831">
     <span class='ocr_line' id='line_1_69' title="bbox 897 2562 1594 2597; baseline 0.003 -2"><span class='ocrx_word' id='word_1_474' title='bbox 897 2562 1047 2596; x_wconf 80' lang='lat' dir='ltr'>ornasti.</span> <span class='ocrx_word' id='word_1_475' title='bbox 1098 2563 1155 2596; x_wconf 90' lang='lat' dir='ltr'>An</span> <span class='ocrx_word' id='word_1_476' title='bbox 1180 2562 1243 2597; x_wconf 91' lang='lat' dir='ltr'>der</span> <span class='ocrx_word' id='word_1_477' title='bbox 1263 2565 1385 2597; x_wconf 76' lang='lat' dir='ltr'>ersten</span> <span class='ocrx_word' id='word_1_478' title='bbox 1407 2562 1520 2597; x_wconf 83' lang='lat' dir='ltr'>Stelle</span> <span class='ocrx_word' id='word_1_479' title='bbox 1545 2563 1594 2597; x_wconf 76' lang='lat' dir='ltr'>ist</span> 
     </span>
     <span class='ocr_line' id='line_1_70' title="bbox 851 2608 1593 2652; baseline 0.003 -11"><span class='ocrx_word' id='word_1_480' title='bbox 851 2614 981 2642; x_wconf 74' lang='lat' dir='ltr'>ornare</span> <span class='ocrx_word' id='word_1_481' title='bbox 1012 2608 1202 2652; x_wconf 83' lang='lat' dir='ltr'>‘preisen’,</span> <span class='ocrx_word' id='word_1_482' title='bbox 1240 2610 1309 2644; x_wconf 84' lang='lat' dir='ltr'>wie</span> <span class='ocrx_word' id='word_1_483' title='bbox 1346 2620 1522 2644; x_wconf 69' lang='lat' dir='ltr'>escornare</span> <span class='ocrx_word' id='word_1_484' title='bbox 1561 2610 1593 2643; x_wconf 90' lang='lat' dir='ltr'>II</span> 
     </span>
     <span class='ocr_line' id='line_1_71' title="bbox 851 2655 1590 2700; baseline 0.003 -12"><span class='ocrx_word' id='word_1_485' title='bbox 851 2658 870 2696; x_wconf 69' lang='grc' dir='ltr'>ξ</span> <span class='ocrx_word' id='word_1_486' title='bbox 896 2659 957 2697; x_wconf 76' lang='grc'>33,</span> <span class='ocrx_word' id='word_1_487' title='bbox 989 2667 1024 2700; x_wconf 92' lang='lat' dir='ltr'>p.</span> <span class='ocrx_word' id='word_1_488' title='bbox 1057 2655 1176 2690; x_wconf 70' lang='lat' dir='ltr'>Deiot.</span> <span class='ocrx_word' id='word_1_489' title='bbox 1213 2661 1248 2698; x_wconf 85' lang='lat'>1,</span> <span class='ocrx_word' id='word_1_490' title='bbox 1278 2660 1297 2690; x_wconf 83' lang='lat'><strong>2</strong></span> <span class='ocrx_word' id='word_1_491' title='bbox 1329 2667 1461 2700; x_wconf 75' lang='lat' dir='ltr'>reyem.</span> <span class='ocrx_word' id='word_1_492' title='bbox 1493 2667 1590 2700; x_wconf 74' lang='lat' dir='ltr'>que-m</span> 
     </span>
     <span class='ocr_line' id='line_1_72' title="bbox 851 2706 1593 2738; baseline 0.001 -3"><span class='ocrx_word' id='word_1_493' title='bbox 851 2712 980 2736; x_wconf 81' lang='lat' dir='ltr'>ornare</span> <span class='ocrx_word' id='word_1_494' title='bbox 1024 2706 1131 2737; x_wconf 84' lang='lat' dir='ltr'>antea</span> <span class='ocrx_word' id='word_1_495' title='bbox 1177 2708 1304 2738; x_wconf 79' lang='lat' dir='ltr'>cuncto</span> <span class='ocrx_word' id='word_1_496' title='bbox 1349 2714 1428 2738; x_wconf 79' lang='lat' dir='ltr'>cum</span> <span class='ocrx_word' id='word_1_497' title='bbox 1465 2707 1593 2737; x_wconf 76' lang='lat' dir='ltr'>senatu</span> 
     </span>
     <span class='ocr_line' id='line_1_73' title="bbox 850 2749 1595 2791; baseline 0.001 -8"><span class='ocrx_word' id='word_1_498' title='bbox 850 2749 1020 2791; x_wconf 82' lang='lat' dir='ltr'>solebam,</span> <span class='ocrx_word' id='word_1_499' title='bbox 1041 2760 1087 2783; x_wconf 80' lang='lat' dir='ltr'>an</span> <span class='ocrx_word' id='word_1_500' title='bbox 1109 2749 1173 2784; x_wconf 89' lang='lat' dir='ltr'>der</span> <span class='ocrx_word' id='word_1_501' title='bbox 1186 2750 1340 2784; x_wconf 80' lang='lat' dir='ltr'>zweiten</span> <span class='ocrx_word' id='word_1_502' title='bbox 1360 2749 1497 2783; x_wconf 78' lang='lat' dir='ltr'>‘Ruhm</span> <span class='ocrx_word' id='word_1_503' title='bbox 1517 2750 1595 2784; x_wconf 79' lang='lat' dir='ltr'>und.</span> 
     </span>
     <span class='ocr_line' id='line_1_74' title="bbox 851 2795 1391 2831; baseline 0.002 -2"><span class='ocrx_word' id='word_1_504' title='bbox 851 2795 1110 2830; x_wconf 78' lang='lat' dir='ltr'>Ehrenstellen</span> <span class='ocrx_word' id='word_1_505' title='bbox 1135 2796 1391 2831; x_wconf 77' lang='lat' dir='ltr'>verschaffen’.</span> 
     </span>
    </p>
   </div>
   <div class='ocr_carea' id='block_1_6' title="bbox 901 2843 1322 2887">
    <p class='ocr_par' dir='ltr' id='par_1_14' title="bbox 901 2843 1322 2887">
     <span class='ocr_line' id='line_1_75' title="bbox 901 2843 1322 2887; baseline 0.005 -11"><span class='ocrx_word' id='word_1_506' title='bbox 901 2846 977 2876; x_wconf 89' lang='lat'>113.</span> <span class='ocrx_word' id='word_1_507' title='bbox 1003 2843 1148 2885; x_wconf 73' lang='lat' dir='ltr'>scholis,</span> <span class='ocrx_word' id='word_1_508' title='bbox 1175 2855 1199 2878; x_wconf 88' lang='lat' dir='ltr'>s.</span> <span class='ocrx_word' id='word_1_509' title='bbox 1227 2848 1263 2887; x_wconf 77' lang='lat'>4,</span> <span class='ocrx_word' id='word_1_510' title='bbox 1291 2846 1322 2879; x_wconf 92' lang='grc'>8.</span> 
     </span>
    </p>
   </div>
   <div class='ocr_carea' id='block_1_7' title="bbox 1291 2906 1310 2937">
    <p class='ocr_par' dir='ltr' id='par_1_15' title="bbox 1291 2906 1310 2937">
     <span class='ocr_line' id='line_1_76' title="bbox 1291 2906 1310 2937; baseline 0 0"><span class='ocrx_word' id='word_1_511' title='bbox 1291 2906 1310 2937; x_wconf 87' lang='grc'>5</span> 
     </span>
    </p>
   </div>
  </div>
 </body>
</html>
