1790 3103
121 885 175 926 28

187 96 243 138 82
705 93 754 129 Μ.
781 93 945 129 TULLII
971 92 1225 129 CICERONIS

187 207 258 245 alia
293 212 351 244 est
384 206 486 243 enin]
519 204 685 256 lugenti,
716 204 787 242 alia
820 205 1019 242 miseranti
1053 209 1120 241 aut
1150 201 1339 240 invidenti
1369 201 1586 241 abhibenda
1618 204 1739 243 medi-

188 266 285 303 cina.
327 263 398 302 Est
423 265 539 302 etiam
564 264 604 302 in
631 262 813 301 omnibus
840 268 1024 313 quattuor
1050 259 1414 312 perturbationibus
1440 260 1503 299 illa
1529 260 1742 314 distinctio,

188 329 322 362 utrum
355 322 401 360 ad
434 323 655 361 universam
687 321 1042 372 perturbationem,
1081 331 1180 370 quae
1221 324 1280 358 est
1318 320 1539 370 aspernatio
1577 321 1743 359 rationis

189 387 256 421 aut
300 381 494 432 adpetitus
537 380 821 430 veliementior,
865 391 912 417 an
953 378 999 416 ad
1040 377 1230 430 singulas,
1270 383 1314 416 ut
1354 378 1400 416 ad
1443 383 1608 430 metum,
1648 377 1746 417 lubi-

189 440 339 492 dinem,
378 439 548 490 reliquas
588 438 727 477 melius
766 436 996 476 adhibeatur
1029 438 1170 489 oratio,
1215 442 1254 475 et
1297 441 1431 475 utrum
1464 436 1620 475 *illudne
1666 448 1744 475 non

189 498 367 537 videatur
399 511 513 549 aegre
547 497 775 548 ferundum,
814 509 860 534 ex
894 507 971 546 quo
1004 501 1186 546 suscepta
1226 496 1276 533 sit
1313 494 1538 547 aegritudo,
1576 507 1623 533 an
1665 507 1746 534 om-

189 558 297 596 nium
331 569 465 595 rerum
496 555 665 595 tollenda
698 556 856 593 omnino
877 553 1109 606 aegritudo,
1148 559 1192 592 ut
1227 555 1259 592 si
1292 555 1379 604 quis
1412 565 1527 604 aegre
1566 554 1666 592 ferat
1704 565 1745 592 se

189 627 403 667 pauperem
442 626 547 666 esse,
588 614 678 652 idne
717 613 912 665 disputes,
948 618 1219 663 paupertatem
1257 612 1401 650 malum
1439 624 1516 650 non
1555 624 1660 664 esse,
1698 623 1747 650 an

188 674 388 712 hominem
421 685 536 723 aegre
570 672 674 710 ferre
707 671 801 710 nihil
833 676 1027 722 oportere.
1090 671 1284 709 Nimirum
1316 670 1389 708 hoc
1423 670 1581 721 melius,
1613 682 1680 722 ne,
1712 671 1746 708 si

189 733 290 770 forte
324 732 370 770 de
402 736 633 782 paupertate
665 743 743 768 non
776 731 1038 781 persuaseris,
1081 731 1130 768 sit
1163 728 1398 780 aegritudini
1430 728 1744 780 concedendum3

189 790 432 841 aegritudine
465 795 596 828 autem
629 788 780 828 sublata
812 790 982 840 propriis
1014 787 1250 839 rationibus,
1289 787 1432 838 quibus
1467 787 1554 826 heri
1585 788 1646 826 usi
1679 799 1743 826 su-

191 861 297 902 mus,
331 848 499 899 quodam
531 848 646 886 modo
680 849 794 886 etiam
828 849 1069 898 paupertatis
1102 846 1245 885 malum
1278 846 1439 885 tollitur.

311 907 387 945 Sed
428 909 554 945 omnis
596 908 679 945 eius
721 906 825 944 modi
865 905 1109 957 perturbatio
1151 906 1270 943 animi
1310 904 1526 955 placatione
1568 903 1751 943 abluatur

191 966 254 1005 illa
296 966 472 1017 quidem,
514 977 604 1003 cum
646 964 786 1002 doceas
828 976 901 1002 nec
942 963 1089 1002 bonum
1129 963 1224 1001 illud
1266 975 1370 1014 esse,
1411 975 1457 1001 ex
1494 975 1570 1013 quo
1603 962 1749 1001 laetitia

191 1030 258 1063 aut
290 1024 408 1062 libido
442 1025 608 1074 oriatur,
650 1035 721 1061 nec
755 1022 917 1073 malum,
958 1034 1005 1059 ex
1047 1034 1124 1072 quo
1164 1027 1231 1060 aut
1268 1027 1396 1060 metus
1429 1026 1496 1059 aut
1528 1020 1750 1072 aegritud03

191 1095 328 1121 verum
360 1087 489 1120 tamen
522 1082 617 1120 haec
657 1087 717 1119 est
755 1086 860 1119 certa
904 1085 942 1118 et
982 1082 1141 1131 propria
1182 1081 1349 1131 sanatio,
1391 1081 1423 1118 si
1465 1079 1605 1117 doceas
1645 1080 1751 1130 ipsas

191 1140 509 1193 perturbationes
541 1152 612 1191 per
646 1152 686 1178 se
721 1151 806 1178 esse
839 1140 997 1177 vitiosas
1035 1151 1107 1177 nec
1149 1138 1293 1177 habere
1334 1139 1543 1189 quicquam
1581 1142 1649 1176 aut
1685 1149 1749 1175 na-

192 1199 317 1239 turale
351 1204 417 1238 aut
444 1200 729 1249 necessarium,
764 1203 805 1236 ut
831 1199 954 1249 ipsam
980 1198 1266 1249 aegritudinem
1292 1196 1407 1235 leniri
1433 1196 1628 1249 videmus,
1660 1207 1750 1234 cum

193 1258 386 1297 obicimus
407 1257 673 1296 maerentibus
693 1256 988 1295 inbecillitatem
1013 1257 1130 1294 animi
1151 1256 1390 1306 ecfeminati,
1417 1267 1585 1306 eumque
1614 1266 1751 1293 eorum

194 1318 423 1368 gravitatem
456 1317 794 1366 constantiamque
832 1315 1053 1367 laudamus,
1093 1316 1159 1365 qui
1199 1326 1277 1352 non
1317 1313 1543 1352 turbulente
1581 1313 1750 1352 humana

192 1377 402 1427 patiantur.
466 1374 579 1420 Quod
619 1374 777 1425 quidem
815 1373 914 1412 solet
952 1375 1008 1412 eis
1047 1375 1163 1412 etiam
1201 1372 1397 1424 accidere,
1442 1374 1509 1423 qui
1552 1371 1616 1410 illa
1653 1371 1751 1410 mala

195 1447 281 1473 esse
315 1439 494 1485 censent,
536 1433 695 1472 serenda
728 1438 859 1471 tamen
892 1445 1016 1483 aequo
1049 1433 1176 1470 animo
1216 1431 1468 1470 arbitrantur.
1530 1429 1646 1469 Putat
1684 1429 1751 1468 ali-

194 1495 281 1543 quis
315 1505 400 1531 esse
434 1492 671 1543 voluptatem
704 1491 868 1543 bonum,
900 1491 998 1529 alius
1031 1496 1161 1529 antem
1192 1491 1417 1542 pecuniam,
1454 1495 1584 1528 tamen
1616 1494 1655 1527 et
1685 1487 1750 1526 ille

193 1551 240 1590 ab
281 1552 582 1601 intemperantia
627 1556 666 1589 et
708 1550 771 1588 hic
815 1549 862 1588 ab
907 1551 1065 1588 avaritia
1110 1550 1263 1587 avocari
1306 1553 1445 1599 potest,
1507 1547 1575 1585 Illa
1619 1552 1750 1586 autem
1789 1569 1790 1594 ς

1789 1604 1790 1634 l

1010 1675 1074 1708 ten
1100 1677 1149 1708 est
1170 1684 1211 1708 ea
1230 1673 1380 1717 quidem.
1433 1675 1472 1715 8,
1494 1675 1536 1706 17
1558 1672 1755 1707 aemulatio
1788 1662 1790 1692 ³

1008 1721 1204 1764 dupliciter
1229 1721 1295 1754 aza
1321 1720 1462 1764 quictem
1481 1719 1628 1754 dicitur.
1673 1722 1706 1761 3,
1728 1722 1750 1753 5
1788 1702 1790 1760 1

1008 1768 1209 1812 sapientiae
1227 1767 1389 1801 studium
1411 1769 1510 1801 vetus
1533 1766 1573 1800 id
1598 1766 1751 1810 quidem.

195 1677 299 1712 stimo
325 1687 436 1720 neque
461 1686 540 1710 eum
568 1675 791 1719 Torquatum
808 1695 849 1698 ——
865 1678 937 1709 tor-

194 1735 295 1769 quem
344 1724 448 1757 illum
496 1722 590 1756 hosti
638 1722 837 1756 detraxisse
879 1742 935 1756 —.

195 1770 320 1816 Quid?
351 1770 390 1804 T.
421 1769 628 1814 Torquatus
654 1770 722 1803 cet.

241 1818 447 1852 universam
468 1816 778 1860 perturbationem
789 1829 799 1849 .·
831 1827 858 1850 s.
884 1815 936 1848 III

195 1869 232 1908 3,
261 1869 280 1899 6
307 1864 479 1898 universa
497 1861 590 1907 phil.

241 1916 365 1946 utrum
389 1911 546 1953 illudue,
573 1921 598 1945 3.
626 1922 656 1945 z.
683 1914 721 1953 4,
749 1914 780 1944 9.

241 1969 306 2000 ηε,
343 1958 375 1991 si
413 1958 505 1999 forte
542 1958 609 1991 cet.
660 1956 811 1990 Richtet
851 1968 937 1991 man

196 2005 295 2040 seine
321 2003 423 2038 Rede
450 2013 569 2048 gegen
595 2003 665 2037 den
685 2002 862 2037 Kummer
886 2003 937 2036 im

195 2051 443 2096 allgemeinen
471 2050 545 2084 und
565 2051 660 2084 setzt
680 2050 797 2084 damit
815 2049 937 2084 nichts

196 2099 324 2143 durch,
344 2109 384 2133 so
404 2097 523 2132 bleibt
544 2097 662 2130 einem
689 2096 822 2131 immer
840 2097 937 2131 noch

196 2146 321 2190 iibrig,
349 2144 428 2179 sich
447 2143 707 2188 nachtraglich
727 2154 846 2188 gegen
867 2144 938 2178 den

197 2192 398 2237 speciellen
423 2191 507 2225 Fan
537 2203 581 2225 zu
606 2191 761 2225 wendeu
792 2190 867 2224 und
900 2190 939 2225 in

196 2240 334 2274 diesem
355 2239 426 2273 den
444 2239 621 2272 Kummer
642 2238 695 2273 als
716 2238 937 2282 ungerecht-

197 2286 326 2330 fertigt
369 2285 624 2320 darzustellen.
688 2284 807 2319 Greift
850 2296 937 2319 man

197 2333 286 2368 aber
312 2333 431 2366 zuerst
461 2332 530 2366 den
557 2331 758 2376 speciellen
783 2332 865 2365 Fan
891 2342 938 2365 an

196 2379 272 2415 und
311 2379 446 2414 richtet
484 2378 605 2412 nichts
644 2390 725 2421 aus,
770 2389 809 2413 so
848 2378 938 2412 wird

196 2427 360 2461 nachher
386 2425 479 2460 auch
507 2425 586 2459 eine
607 2425 708 2459 Rede
728 2436 849 2469 gegen
869 2425 938 2459 den

197 2474 374 2508 Kummer
399 2473 449 2506 im
477 2471 724 2516 allgemeinen
758 2472 938 2506 fruchtlos

198 2531 286 2555 sein.

244 2568 338 2609 heri,
364 2566 414 2600 im
440 2565 578 2600 dritten
604 2565 738 2600 Buche.

240 2614 474 2658 paupertatis
506 2613 658 2654 malum,
694 2612 726 2646 d.
765 2613 786 2646 i.
823 2614 938 2657 aemi-

198 2662 297 2703 tudo,
317 2671 407 2705 quae
420 2663 571 2704 propter
583 2662 836 2704 paupertatem
857 2670 937 2694 eon-

199 2708 345 2752 cipitur.

246 2754 339 2799 Kap.
367 2754 430 2789 28.
470 2758 524 2788 60.
554 2754 635 2797 illa,
659 2753 762 2788 dient
781 2765 849 2786 nur
868 2753 939 2787 den

200 2801 343 2846 Begriff
376 2801 604 2845 perturbatio
643 2800 778 2834 wieder
817 2799 939 2833 aufzu-

200 2849 360 2883 nehmen
378 2848 453 2882 und
473 2848 780 2883 hervorzuheben.
819 2847 853 2882 S.
874 2859 938 2880 un-

1011 1835 1052 1838 —
1086 1814 1176 1849 Hier
1209 1814 1305 1858 folgt
1341 1813 1404 1848 der
1440 1813 1647 1858 Gegensatz
1681 1811 1753 1847 mit:
1788 1848 1790 1864 Ι

1007 1873 1129 1896 verum
1154 1865 1274 1896 tamen
1300 1862 1367 1895 cet.
1788 1865 1790 1887 2

1058 1921 1184 1955 doceas
1208 1930 1272 1955 uec
1299 1920 1429 1954 bouum
1448 1918 1542 1953 illud
1561 1919 1630 1952 cet.
1663 1917 1752 1952 Dies

1009 1967 1056 2001 ist
1083 1967 1147 2002 das
1180 1978 1253 2001 von
1279 1966 1482 2000 Kleanthes
1515 1964 1752 2010 empfohlene

1009 2013 1150 2058 Mittel,
1187 2014 1253 2048 das
1279 2014 1329 2047 III
1357 2016 1413 2055 31,
1441 2016 1483 2047 76
1504 2012 1528 2047 f.
1563 2011 1632 2046 mit
1663 2011 1751 2046 den-

1010 2061 1136 2095 selben
1157 2060 1330 2095 Grtinden
1356 2059 1426 2093 wie
1452 2058 1534 2093 hier
1559 2057 1759 2103 bekampftr

1011 2107 1113 2141 wird.

1059 2166 1164 2210 Quod
1192 2166 1334 2210 quidem
1361 2185 1403 2189 -
1432 2164 1609 2207 accidere,
1647 2166 1752 2198 niim-

1010 2212 1086 2247 lich
1113 2211 1193 2246 dass
1226 2212 1302 2246 dies
1336 2212 1556 2256 Argument‚
1590 2210 1749 2245 welches

1010 2259 1069 2294 die
1097 2258 1359 2294 Leidenschaft
1384 2258 1499 2292 selbst
1524 2258 1578 2291 als
1604 2260 1750 2291 unwiir-

1010 2306 1075 2350 dig
1103 2306 1289 2349 darstellt‚
1329 2305 1396 2339 auf
1430 2305 1481 2339 sie
1520 2304 1628 2339 einen
1666 2304 1751 2338 Ein-

1012 2353 1129 2388 druck
1154 2353 1290 2387 macht.

1061 2412 1176 2447 Putat
1214 2411 1348 2455 aliquis
1374 2411 1441 2446 cet.
1492 2408 1619 2444 Damit
1656 2408 1748 2443 wird

1011 2459 1095 2501 das,
1121 2470 1197 2493 was
1222 2459 1347 2493 bisher
1373 2469 1445 2492 von
1471 2457 1554 2492 dem
1573 2456 1752 2491 Kummer

1012 2505 1127 2540 allein
1152 2507 1285 2551 gesagt
1314 2506 1380 2548 ist,
1414 2504 1478 2539 auf
1508 2504 1566 2537 die
1597 2502 1751 2538 Leiden-

1013 2554 1134 2588 schaft
1158 2553 1209 2586 im
1229 2551 1476 2596 allgemeinen
1496 2551 1678 2594 bezogen3
1704 2549 1754 2583 da.

1011 2601 1098 2635 aber
1117 2600 1168 2634 im
1183 2599 1399 2643 Folgenden
1418 2597 1554 2632 wieder
1572 2608 1640 2631 nur
1663 2607 1748 2631 vom

1011 2647 1187 2681 Kummer
1207 2646 1265 2680 die
1285 2646 1386 2680 Rede
1412 2645 1478 2688 ist,
1506 2655 1544 2678 so
1566 2643 1665 2678 steht
1684 2642 1749 2677 der

1012 2695 1096 2729 Satz
1121 2694 1160 2728 in
1186 2693 1303 2727 losem
1329 2691 1682 2735 Zusammenhange.
1778 2694 1780 2696 ’

1060 2754 1139 2787 Illa
1165 2772 1207 2777 ——
1233 2752 1348 2793 ratio,
1387 2750 1447 2785 die
1479 2749 1750 2793 erstgenannte,
1777 2744 1780 2767 ³

1012 2811 1054 2833 zu
1081 2799 1225 2844 zeigen,
1258 2797 1337 2832 dass
1365 2797 1446 2841 das,
1472 2796 1641 2842 woriiber
1665 2805 1750 2829 man

1012 2847 1245 2880 bekiimmert
1271 2845 1335 2888 ist,
1362 2844 1449 2879 kein
1474 2843 1569 2878 Ubel
1595 2842 1657 2878 sei.
