1817 3103
219 117 274 158 66
743 112 791 147 M.
818 112 978 147 TULLII
1004 111 1256 147 CICERONIS
1796 161 1804 189 ὁ

1804 174 1813 193 ,1

219 225 411 278 pluribus.
473 225 649 264 Primum
684 224 845 275 Argivae
886 222 1100 261 sacerdotis
1139 221 1292 260 Cleobis
1330 227 1368 260 et
1405 220 1518 260 Biton
1558 220 1624 259 filii
1661 159 1817 304 prae-g

221 284 412 324 dicantur.
462 284 560 323 Nota
588 282 715 322 sabula
742 288 812 321 est.
862 280 960 320 Cum
992 282 1096 318 enim
1124 280 1228 318 illam
1260 279 1305 318 ad
1339 279 1524 318 sollemne
1558 285 1596 318 et
1628 285 1772 319 statum

222 344 457 383 sacrificium
490 355 609 381 curru
643 341 730 380 vehi
768 343 828 379 ius
861 344 967 378 esset
998 340 1091 377 satis
1129 339 1241 389 longe
1281 338 1327 376 ab
1366 338 1507 390 oppido
1545 338 1592 377 ad
1629 338 1774 391 sanum,
1763 302 1817 632 ,1

834 404 917 437 tum
962 399 1123 436 iuvenes
1172 398 1216 449 ii,
1268 409 1366 448 quos
1410 396 1524 435 modo
1568 395 1774 448 nominavi,
1816 441 1817 452 γ

220 467 327 500 veste
360 462 485 512 posita
518 471 682 526 corpora
715 458 800 496 oleo
833 462 1121 508 perunxerunt,
1154 456 1199 494 ad
1233 457 1367 506 iugum
1399 461 1661 494 accesserunt.
1718 455 1773 494 lta

221 408 549 452 morarenturque
594 403 785 451 iumenta,

222 519 405 559 sacerdos
437 519 595 557 advecta
627 519 667 556 in
700 517 850 568 fanum,
892 528 980 554 cum
1013 527 1154 553 currus
1186 520 1291 553 esset
1322 514 1464 553 ductus
1497 526 1515 552 a
1549 513 1654 567 filiis,

222 585 306 617 cata
338 590 357 616 a
391 578 459 616 dea
493 577 656 628 dicitui,
687 581 731 614 ut
762 575 799 613 id
832 574 907 613 illis
933 575 1096 625 praemii
1128 573 1238 612 daret
1264 585 1334 624 pro
1367 574 1529 624 pietate,
1562 573 1666 623 quod
1699 584 1776 611 ma·
1816 590 1817 596 =

222 649 383 676 xumum
416 636 563 674 bomini
596 635 679 673 dari
710 639 843 685 posset
875 646 894 671 a
927 633 1017 685 deo3
1054 638 1143 684 post
1182 632 1357 683 epulatos
1395 644 1484 670 cum
1522 638 1645 670 matre
1684 631 1775 670 adu-
1805 632 1817 684 ⁷³}

154 696 418 737 114lescentes
452 706 588 733 somno
628 706 668 732 se
702 693 873 743 dedisse,
912 704 1024 730 mane
1063 693 1241 729 inventos
1279 703 1364 729 esse
1402 696 1589 729 mortuos.

222 756 447 806 precatione
472 752 723 804 Trophonius
756 757 795 790 et
820 750 1034 802 Agamedes
1065 752 1127 788 usi
1159 750 1362 801 (licuntur,
1395 751 1463 800 qui
1495 761 1582 787 cum
1610 748 1776 800 Apollini
1807 756 1817 803 ᾖ,

223 813 381 865 Delphis
408 812 596 863 templum
623 811 998 862 exaedificavissent,
1027 815 1258 848 venerantes
1285 808 1400 847 deum
1426 809 1650 859 petiverunt
1675 819 1776 846 mer-
1809 812 1817 857 ζξ

223 872 360 911 cedem
392 884 469 910 non
501 883 659 922 parvam
693 869 849 921 quidem
882 870 1011 920 operis
1047 874 1086 906 et
1122 867 1265 906 laboris
1304 869 1382 920 sui,
1421 866 1516 905 nihil
1555 868 1670 918 certi,
1708 865 1775 904 sed
1809 858 1817 875 '³

950 927 1101 972 Quibus
1128 926 1262 977 Apollo
1296 939 1336 964 se
1369 925 1407 964 id
1441 926 1621 964 daturum
1649 931 1779 963 osten·
1815 927 1817 975 ξ

224 930 327 983 quod
361 936 466 969 esset
497 936 701 981 optumum
734 928 892 966 homini.

1794 0 1817 141 ’1

1687 526 1774 565 pre·
1816 510 1817 532 ³

1654 689 1810 728 Simili
1808 709 1817 724 ι

224 991 280 1029 dit
306 994 395 1040 post
421 990 506 1027 eius
531 988 608 1026 diei
635 988 736 1026 diem
764 988 942 1025 tertium:
975 987 1042 1036 qui
1068 992 1112 1023 ut
1138 985 1294 1036 inluxit,
1327 985 1471 1023 mortui
1502 989 1593 1022 sunt
1619 985 1777 1034 reperti.
1815 988 1816 995 ¹

224 1048 459 1087 Iudicavisse
493 1047 608 1085 deum
639 1046 775 1084 dicunt
807 1051 845 1084 et
877 1057 965 1083 eum
1000 1044 1155 1095 quidem
1184 1044 1318 1095 deum,
1352 1045 1414 1081 cui
1447 1042 1587 1093 reliqui
1619 1042 1657 1080 di
1689 1054 1778 1081 con·
1816 1076 1817 1083 ,

153 1107 209 1148 48
226 1108 439 1146 cessissent
476 1112 521 1144 ut
558 1110 715 1157 praeter
747 1109 901 1143 ceteros
934 1103 1134 1141 divinaret.

1197 1102 1383 1140 Adsertur
1415 1103 1529 1140 etiam
1568 1101 1615 1140 de
1649 1100 1780 1139 Sileno
1815 1094 1817 1147 f

225 1165 363 1204 fabella
402 1164 609 1216 quaedam,
649 1165 716 1215 qui
755 1175 844 1202 cum
883 1175 902 1200 a
941 1162 1041 1200 Mida
1081 1168 1216 1213 captus
1255 1167 1377 1212 esset,
1414 1160 1487 1199 hoc
1530 1161 1565 1198 ei
1607 1160 1780 1198 muneris
1815 1154 1817 1186 ἶ

226 1237 298 1276 pro
325 1237 395 1263 sua
421 1225 606 1262 missione
627 1222 781 1261 dedisse
803 1221 1006 1260 scribitur:
1033 1221 1214 1259 docuisse
1241 1232 1373 1271 regem
1399 1231 1476 1257 non
1504 1220 1610 1257 nasci
1633 1218 1781 1257 homini
1815 1195 1817 1284 1

158 1284 339 1335 115longe
372 1284 563 1334 optimum
597 1294 699 1334 esse,
732 1282 953 1332 proximum
992 1285 1120 1318 autem
1162 1291 1276 1329 quam
1314 1280 1484 1330 primum
1524 1279 1633 1316 mori.

228 1348 288 1381 est
319 1343 512 1381 sententia
544 1343 583 1379 in
617 1340 859 1392 Cresphonte
892 1351 988 1378 usus
1021 1338 1246 1389 Euripides:

471 1414 572 1451 Nam
605 1412 675 1451 no's
708 1411 876 1450 decebat
906 1409 1040 1449 coetus
1072 1407 1319 1448 celebrantes
1353 1409 1507 1446 domum

472 1470 627 1519 luqe're,
659 1472 730 1508 ubi
760 1474 860 1508 esset
892 1468 1038 1517 anquis
1070 1471 1108 1506 2'71
1142 1470 1269 1506 lucem
1301 1466 1445 1514 e'de'tch,

469 1528 671 1569 humanae
703 1531 808 1567 vitae
839 1527 956 1566 vcirz'a
989 1526 1220 1577 reputantes
1252 1528 1376 1564 mala:

473 1595 530 1637 at,
563 1587 634 1637 qui
663 1589 820 1626 labores
852 1587 978 1626 mo'rte
1005 1584 1161 1633 finisset
1188 1597 1352 1633 (sraves,

471 1650 578 1686 hunc
611 1647 718 1687 o'mm‘
748 1648 898 1685 amieos
930 1645 1050 1684 laude
1082 1650 1118 1683 et
1151 1645 1305 1682 laetitia
1337 1642 1512 1691 exsequi.

275 1751 436 1795 Aryivae
454 1750 668 1784 sacerdotis:
695 1760 720 1783 s.
737 1747 872 1782 Herod.
888 1748 902 1781 Ι
917 1751 971 1782 31.

229 1798 374 1832 Andere
409 1808 553 1832 nennen
591 1797 643 1831 sie
682 1795 846 1840 Cydippe
885 1795 974 1829 oder

230 1845 392 1880 Theano.

277 1903 410 1938 Biton.-
459 1903 541 1937 Von
594 1901 665 1936 den
717 1901 973 1946 griechischen

230 1951 482 1995 Eigennamen
509 1949 575 1984 auf
591 1963 659 1991 ων,
681 1961 774 1987 ωνος
793 1948 868 1982 und
889 1960 974 1987 ονος

229 1998 389 2032 braucht
406 1997 479 2032 Cic.
501 1996 657 2030 zumeist
677 1995 735 2030 die
755 1995 972 2030 lateinische

229 2045 340 2079 Form
366 2045 432 2079 auf
454 2055 492 2087 o,
526 2044 685 2078 seltener
715 2043 871 2077 Formen
903 2042 971 2076 wie

231 2092 460 2137 Aristoyiton
493 2094 555 2134 49,
584 2094 666 2132 116,
705 2101 776 2125 von
815 2090 884 2123 den
922 2090 973 2123 im

231 2139 491 2174 Lateinischen
547 2138 852 2181 eingebiirgerten
904 2136 972 2170 wie

233 2187 343 2221 Plato
374 2197 484 2230 sogar
516 2185 647 2219 immet
679 2184 737 2218 die
770 2185 880 2218 Form
913 2183 979 2217 auf

232 2244 270 2276 o,
295 2233 471 2267 wahrend
498 2244 536 2267 er
561 2232 662 2267 diese
688 2242 761 2266 von
781 2231 850 2265 den
870 2231 974 2265 Wor-

231 2282 315 2315 tern
340 2280 406 2314 auf
429 2293 498 2322 ων,
525 2292 631 2319 οντος
662 2279 799 2313 seltner
830 2278 885 2312 als
917 2277 975 2312 die

235 2327 300 2361 auf
322 2337 369 2362 on
393 2327 468 2361 hat.

280 2389 430 2427 statum,
470 2385 529 2419 ein
560 2384 847 2426 fes‘csbehendes,
877 2383 975 2428 jahr-

231 2431 402 2515 Ecglbeaguf
417 2431 524 2467 einen
544 2431 782 2466 bestimmten
803 2431 884 2475 Tag
908 2430 976 2464 fal-

283 2542 362 2573 114.
409 2537 650 2581 Trophonius,
703 2535 878 2570 Dasselbe
923 2547 975 2570 er-

234 2586 336 2620 zahlt
360 2585 458 2619 Plut.
486 2595 581 2619 cons.
617 2584 663 2618 ad
688 2583 794 2628 Apol.
827 2595 862 2627 p.
898 2587 976 2626 109,

235 2633 301 2667 der
321 2632 458 2677 jedoch
485 2632 556 2665 den
581 2631 771 2666 siebenten
797 2630 888 2664 statt
913 2630 976 2664 des

236 2680 375 2714 dritten
400 2679 520 2723 Tages
546 2679 708 2723 angiebt.

283 2738 375 2783 Kap.
414 2737 478 2772 48.
527 2747 601 2772 own
643 2737 746 2771 nasei
789 2737 874 2779 cet.‚
919 2735 978 2770 ein

234 2786 362 2831 h'aufig
404 2784 746 2819 wiederkehrender
789 2782 976 2837 Gedanke.

237 2832 347 2887 Soph
372 2832 459 2866 Oed.
482 2831 557 2868 Col.
586 2834 676 2866 1225
701 2828 753 2886 μὴ
772 2831 890 2874 φῦναι
911 2827 976 2864 τὸν

235 2876 386 2914 ἅπαντα
420 2879 507 2924 νικᾷ
545 2875 672 2923 λόγον·
717 2876 757 2912 τὸ
797 2875 856 2922 δε,
895 2873 978 2912 ἐπεὶ

1697 1276 1781 1322 Qua

1047 1747 1167 1801 φανὴ,
1196 1745 1303 1801 βῆναι
1331 1746 1462 1779 κεῖθεν
1485 1740 1579 1778 ὅθεν
1600 1755 1667 1787 περ
1687 1738 1785 1787 ἥκει,

1045 1783 1138 1828 πολυ
1172 1792 1366 1835 δεύτερον,
1405 1788 1453 1831 ὡς
1485 1788 1648 1835 τάχιστα.
1699 1789 1782 1834 Vgl.

1046 1841 1210 1885 Theogn
1236 1843 1304 1874 425
1324 1838 1361 1873 ff.

1096 1892 1173 1922 115.
1199 1888 1240 1921 in
1261 1886 1482 1930 Cresphonte.
1521 1884 1785 1929 Kresphontes‚
1812 1882 1813 1886 ’

1046 1935 1211 1969 derselbe
1237 1933 1422 1968 Anfuhrer
1454 1933 1518 1966 der
1546 1930 1784 1972 Herakliden,

1046 1982 1223 2016 welchem
1268 1980 1329 2015 bei
1366 1981 1430 2014 der
1466 1979 1683 2023 Eroberung
1721 1977 1784 2011 des

1045 2029 1275 2073 Peloponnes
1288 2027 1494 2061 Messenien
1513 2026 1636 2069 zufieI,
1661 2024 1785 2059 wurde

1047 2076 1188 2120 wenige
1201 2076 1312 2109 Jahre
1327 2077 1450 2119 spater
1468 2073 1537 2107 mit
1557 2071 1647 2107 zwei
1667 2072 1786 2106 seiner
1811 2078 1812 2083 ¹

1047 2124 1169 2158 Sohne
1187 2122 1248 2157 bei
1267 2122 1386 2156 einem
1406 2119 1611 2154 Aufetande
1631 2119 1786 2164 getbtet.
1811 2119 1812 2158 l

1049 2220 1173 2262 sp'ater
1186 2217 1256 2251 den
1264 2216 1387 2250 Vater.
1416 2214 1490 2249 Das
1505 2215 1705 2259 Fragment
1719 2223 1786 2246 aus
1810 2243 1812 2247 ,

1048 2263 1252 2309 Euripides'
1279 2262 1461 2308 Tragodie
1487 2261 1621 2296 lautet:
1655 2259 1789 2294 Nauck

1049 2313 1131 2346 Eur.
1158 2311 1200 2345 fr.
1228 2314 1306 2345 452.

1046 2356 1178 2403 Ἐχρῆν
1204 2356 1274 2402 γὰρ
1300 2353 1397 2402 ἡμᾶς
1417 2353 1592 2400 σύλλογον
1612 2351 1787 2398 ποιουμέ-

1049 2450 1114 2487 τὸν
1141 2450 1265 2496 φύντα
1284 2415 1619 2505 θρηνεῖν,νὲἵζ·ςᾷ’σ’
1643 2446 1789 2492 ἔρχεται

1049 2544 1113 2581 τὸν
1140 2543 1176 2581 δ’
1206 2540 1254 2580 αὖ
1280 2542 1452 2580 θανόντα
1471 2509 1698 2578 κκίἶαπόνων
1722 2553 1784 2576 πε-

1471 2589 1665 2634 παυμένον

1049 2653 1263 2685 χαιροντας,
1290 2637 1557 2692 εὐφημοῦντας
1583 2633 1789 2681 ἐκπέμπειν

1097 2738 1213 2770 coetus
1247 2734 1476 2774 celebrantes,
1471 2682 1788 2765 δόξ’(ἔτνεαωωὴῃ-

1050 2792 1122 2826 gen
1159 2781 1351 2816 anstellen
1401 2779 1510 2824 Verg.
1549 2779 1640 2812 Aen.
1678 2777 1694 2811 I
1721 2779 1788 2811 735

1049 2833 1082 2863 et
1111 2839 1189 2871 υο5,
1216 2839 1254 2872 0,
1280 2831 1432 2870 coetum,
1467 2826 1510 2860 '1'2
1499 2826 1590 2871 μήτ’,
1621 2824 1792 2859 celebrate

1048 2877 1216 2919 faventes.
