1833 3098
302 75 700 112 TUSCULANARUM
725 77 1127 114 DISPUTATIONUM
1153 79 1195 115 V.
1225 84 1419 137 llo—120¹.

1561 81 1642 122 155

91 188 246 227 fruatur
278 186 418 237 aliquis
449 188 596 238 pariter
629 199 718 226 cum
750 187 834 226 aliis
866 187 1061 237 voluptate
1095 189 1253 239 potandi
1285 198 1366 240 aut,
1406 203 1453 228 ne
1487 190 1642 230 sobrius

89 248 130 285 in
174 245 394 284 violentiam
439 244 728 284 vinulentorum
772 244 933 295 incidat,
985 252 1073 284 aute
1119 247 1302 286 discedat.

90 305 289 354 fortunae,
328 314 423 354 quas
456 303 559 341 serre
593 315 780 354 nequeaS‚
819 302 1053 352 defugiendo
1086 304 1296 355 relinquas.

1373 247 1435 286 Sic
1479 250 1641 288 iniurias

1359 306 1461 345 Haec
1496 307 1641 358 eadem,

89 374 188 414 quae
220 361 427 413 Epicurus,
459 361 620 400 totidem
654 361 783 399 verbis
815 361 909 399 dicit
940 360 1210 412 Hieronymus.

209 419 322 465 Quod
356 420 388 457 si
420 420 446 457 ii
479 419 712 470 philosophi,
744 430 910 469 quorum
945 430 988 456 ea
1022 422 1212 458 sententia
1247 428 1317 471 est,
1351 429 1394 460 ut
1420 425 1542 461 virtus
1572 434 1712 474 pei-119

89 491 130 518 se
167 480 251 529 ipsa
283 477 380 516 nihil
418 477 556 528 valeat,
601 489 810 527 omneque,
856 476 960 527 quod
998 476 1206 516 honestum
1253 491 1322 517 nos¹
1369 487 1407 517 et
1453 481 1641 520 laudabile

88 549 174 576 esse
208 536 393 586 dicimus,
430 535 468 577 id
508 535 562 573 illi
601 546 755 574 cassum
793 534 977 585 quiddam
1011 541 1049 573 et
1081 537 1186 574 inani
1219 538 1324 575 vocis
1357 550 1452 576 sono
1486 539 1641 577 decora-

90 602 172 635 tum
207 606 292 633 esse
325 593 472 644 dicant,
505 594 540 631 ei
568 599 695 631 tamen
723 605 878 644 semper
910 593 1066 632 beatum
1100 601 1262 633 censent
1295 608 1380 634 esse
1413 598 1642 648 sapientem,

89 653 183 704 quid
215 651 369 691 tandem
403 663 423 689 a
456 651 616 690 Socrate
650 658 688 690 et
720 651 880 690 Platone
920 652 1107 703 prosectis
1147 653 1389 704 philosophis
1422 655 1640 694 faciendum

87 708 265 751 iudicas?
315 721 482 760 quorum
527 709 589 748 alii
635 716 779 749 tantam
829 712 1107 761 praestantiam
1153 713 1191 749 in
1237 711 1349 750 bonis
1394 714 1511 751 animi
1556 726 1641 752 esse

88 770 240 820 dicunt,
284 774 328 806 ut
374 767 420 806 ab
465 768 523 806 his
575 770 750 819 corporis
797 776 835 807 et
879 775 1038 807 externa
1085 768 1365 821 obscurentur,
1411 771 1473 809 alii
1512 778 1642 810 autem

86 828 182 867 haec
214 839 262 865 ne
294 825 395 864 bona
428 826 585 876 quidem
619 826 779 878 ducunt,
811 828 850 865 in
884 829 1010 865 animo
1044 835 1241 878 reponunt
1273 831 1412 867 omnia.
1465 829 1712 875 Quorumleo

87 885 393 926 controversiam
438 884 586 923 solebat
630 891 825 935 tamquam
871 885 1103 924 honorarius
1149 886 1294 925 arbiter
1338 888 1510 926 iudicare
1551 888 1639 927 Car-

85 943 242 983 neades.

302 941 398 980 Nam
437 955 527 981 cum
567 955 837 994 quaecumque
870 943 969 981 bona
1002 944 1291 996 Peripateticis,
1331 946 1466 984 eadem
1500 948 1640 986 Stoicis

86 1000 287 1042 commoda
319 1000 566 1051 viderentur,
607 1014 733 1052 neque
768 1009 897 1040 tamen
930 1002 1179 1053 Peripatetici
1211 1003 1299 1055 plus
1333 1004 1554 1044 tribuerent
1587 1006 1642 1044 di-

84 1061 200 1112 vitiis,
231 1059 354 1098 bonae
387 1059 610 1111 valetudini,
644 1062 786 1098 ceteris
819 1060 938 1099 rebus
971 1063 1126 1112 generis
1160 1063 1336 1100 eiusdem
1370 1075 1484 1113 quam
1507 1064 1640 1115 Stoici,

84 1131 175 1158 cum
208 1130 251 1157 ea
282 1129 340 1169 re,
376 1129 454 1156 non
486 1117 616 1156 verbis
649 1119 980 1170 ponderarentur‚
1021 1132 1176 1158 causam
1211 1133 1296 1159 esse
1330 1121 1544 1160 dissidendi
1577 1135 1642 1161 ne—

84 1177 207 1229 gabat.

84 1325 155 1360 den
199 1323 380 1359 Griechen
423 1323 550 1367 hiiufig
593 1325 824 1369 angewandt.

83 1371 194 1406 Arist.
228 1371 318 1405 sent.
351 1369 412 1404 bei
437 1369 584 1406 Maxim.
618 1383 652 1415 p.
681 1374 748 1406 878
784 1369 825 1406 ἐκ

83 1419 148 1454 τοῦ
177 1419 264 1501 psov
298 1413 493 1460 κράτιστόν
528 1414 627 1451 ἐστιν
656 1415 824 1460 ἐξελθεῖν

85 1463 133 1506 ὡς
197 1478 218 1499 κ
263 1465 468 1508 συμποσίου
520 1462 608 1508 μήτε
655 1465 825 1506 διψῶντα

82 1510 173 1557 μήτε
201 1507 405 1556 μεθύοντα.

130 1558 393 1650 2³53&ssth
416 1557 753 1639 &ZH’112241539‘
769 1563 823 1594 ⁹³·

173 1618 186 1639 i
358 1627 389 1646 „
436 1633 442 1638 .
492 1631 498 1637 .
607 1632 615 1648 ‚
691 1634 697 1639 .

132 1655 210 1687 119.
244 1653 282 1686 id
307 1651 365 1685 illi
390 1671 434 1676 —
460 1651 595 1686 dicant.
642 1652 715 1686 Der
741 1652 824 1687 Satz

84 1700 192 1735 sollte
237 1696 439 1742 eigentlich
484 1697 553 1732 mit,
595 1709 746 1742 quorum
784 1711 825 1734 ea

81 1745 258 1782 sententia
295 1748 345 1779 est
382 1744 595 1779 verbunden
633 1745 710 1779 sein
749 1747 825 1780 und

81 1794 212 1838 quique
231 1802 331 1827 omne
353 1811 396 1816 —
417 1791 544 1826 dicunt
564 1791 714 1834 heissen,
737 1792 826 1827 oder

82 1839 152 1882 mit
187 1831 388 1883 Ubergang
431 1848 496 1872 aus
540 1838 604 1873 der
644 1839 825 1874 relativen

82 1885 353 1922 Konstruktion
382 1884 421 1918 in
447 1885 505 1920 die
536 1885 824 1920 demonstrative

81 1943 251 1978 omneque
275 1932 333 1966 illi
357 1932 494 1966 dicunt.
544 1931 640 1976 (Vgl.
669 1937 703 1976 3,
729 1937 748 1968 8
776 1934 826 1968 ad

83 1980 311 2026 thhayorae
335 1979 500 2013 manavit
525 1983 691 2021 aetatem,
723 1991 825 2024 quem

82 2047 126 2052 -
155 2027 364 2061 Phliuntem
395 2025 519 2068 ferunt
549 2027 700 2068 venisse,
731 2037 824 2062 eum-

82 2085 148 2119 que
185 2084 265 2108 cum
302 2071 436 2107 Leonte
473 2073 682 2108 disseruisse
719 2085 825 2118 quae-

82 2121 192 2164 dam.)
237 2118 377 2154 Wollte
397 2118 523 2153 Cicero
551 2119 621 2154 den
642 2120 727 2154 Satz
752 2132 825 2155 von

82 2178 125 2202 ea
137 2166 314 2202 sententia
327 2169 388 2208 est,
400 2169 440 2200 ut
454 2166 642 2211 abhangig
656 2168 823 2206 macheu,

83 2225 123 2249 so
148 2212 284 2248 musste
317 2223 356 2247 er
387 2212 579 2247 schreiben
611 2214 651 2247 id
684 2224 823 2248 cassu-m

83 2261 258 2306 quiddam
290 2263 322 2294 et
353 2259 460 2293 inani
493 2261 589 2294 vocis
613 2271 699 2294 sono
725 2261 824 2295 deco-

83 2311 205 2342 ratum
229 2306 285 2341 sit.
343 2305 470 2340 Cicero
502 2307 568 2341 hat
590 2306 700 2342 beide
725 2307 823 2342 Kon—

84 2353 316 2390 struktionen
365 2353 567 2388 vermischt
615 2354 689 2388 und
739 2354 823 2389 dem

85 2400 193 2436 Satze
225 2399 324 2434 diese
350 2399 459 2434 Form
490 2400 675 2445 gegeben,
707 2401 825 2436 damit

85 2458 123 2482 er
143 2446 238 2481 auch
257 2446 295 2480 in
315 2446 378 2480 der
398 2445 508 2481 Form
529 2447 667 2482 seinem
682 2446 824 2493 Gegen-

85 2495 186 2528 satze
204 2493 299 2537 quod
318 2513 361 2517 —
381 2493 535 2529 dicimus
554 2495 825 2539 entsprechend

84 2539 144 2575 ist.
183 2539 268 2583 Vgl.
289 2551 316 2573 z.
341 2543 394 2583 13,
416 2543 459 2574 37
486 2551 598 2585 'neque
623 2545 672 2576 est
698 2542 823 2584 ullum,

84 2587 180 2632 quod
210 2595 284 2620 non
316 2586 370 2619 ita
395 2586 513 2630 viyeat
538 2607 581 2612 —
607 2591 647 2622 ut
672 2592 738 2623 aut
761 2590 824 2632 flo-

85 2643 141 2669 res
178 2635 242 2668 aut
279 2632 402 2676 fruyes
444 2633 579 2675 fundat
615 2638 681 2668 aut
718 2636 826 2670 bacas

85 2680 274 2724 omniaque
299 2679 340 2713 in
371 2680 536 2714 omnibus
555 2681 716 2724 perfecta
741 2682 824 2716 sint.

134 2738 157 2761 a
187 2725 334 2761 Socrate
364 2729 396 2760 et
427 2725 596 2768 Platone,
627 2727 826 2762 Akademi-

85 2773 169 2814 ker,
213 2772 499 2816 Peripatetiker,
545 2772 702 2808 Stoiker.
758 2774 826 2809 Die

86 2818 292 2864 Epikureer
322 2818 398 2853 und
423 2818 645 2863 Cyrenaiker
678 2820 827 2856 werden

276 1175 360 1221 Qua
403 1188 445 1214 re
491 1176 593 1215 hunc
640 1176 768 1215 locum
815 1184 1037 1217 ceterarum
1083 1177 1375 1229 disciplinarum
1421 1180 1642 1232 philosophi

899 1325 954 1359 als
967 1312 1072 1359 nicht
1090 1338 1133 1359 zu
1153 1325 1219 1360 der
1233 1326 1490 1362 Sokratischen
1507 1327 1641 1363 Schule

898 1372 1054 1416 gehorig
1080 1373 1298 1417 angesehen.

948 1434 1024 1464 120.
1087 1431 1306 1466 honorarius
1368 1433 1521 1475 arbiter,
1584 1433 1643 1468 ein

900 1476 1211 1519 Schiedsrichter,
1255 1478 1327 1513 den
1370 1479 1428 1514 die
1471 1479 1642 1514 Parteien

900 1523 979 1558 sich
1012 1523 1128 1558 selbst
1160 1525 1322 1567 withleu,
1358 1526 1409 1560 im
1436 1526 1642 1571 Gegensatz

899 1583 942 1604 zu
979 1571 1098 1605 einem
1130 1582 1214 1606 vom
1252 1571 1384 1607 Prator
1417 1573 1641 1617 gegebenen.

899 1617 944 1650 de
970 1616 1035 1651 fat.
1061 1622 1114 1660 17,
1136 1622 1179 1653 39
1209 1617 1434 1664 Chrysippus
1460 1624 1639 1664 tamquam

898 1665 1033 1698 arbiter
1076 1665 1295 1700 honorarius
1338 1667 1493 1701 medium
1531 1668 1640 1709 ferire

898 1712 1059 1746 voluisse.

948 1768 1161 1804 Carneades.
1200 1769 1282 1815 Vgl.
1305 1774 1360 1807 30.
1382 1775 1437 1806 84.
1477 1772 1550 1806 Der
1575 1772 1641 1807 fol-

897 1816 1017 1860 gende
1045 1816 1129 1851 Satz
1155 1817 1268 1861 zeigt‚
1301 1817 1380 1852 dass
1415 1818 1528 1853 sehon
1554 1819 1642 1853 Kar-

898 1863 1050 1906 neades,
1086 1864 1155 1898 wie
1193 1863 1270 1898 dies
1302 1864 1340 1898 in
1372 1864 1436 1898 der
1470 1870 1643 1910 sp'ziteren

897 1909 1102 1944 Akademie
1140 1910 1345 1945 Antiochus
1393 1912 1469 1945 und
1506 1912 1640 1947 andere

897 1957 993 1991 noch
1013 1957 1118 1991 mehr
1136 1958 1277 2000 thaten,
1305 1958 1376 1992 den
1397 1958 1642 1994 Unterschied

898 2003 1080 2038 zwischen
1124 2004 1194 2038 den
1247 2004 1435 2039 einzelnen
1478 2005 1642 2050 philoso-

897 2050 1078 2094 phischen
1111 2050 1305 2094 Syst-emen
1337 2064 1382 2085 zu
1410 2052 1642 2087 verwischen

898 2097 1036 2132 suchte.

944 2156 1138 2198 commoda,
1166 2155 1199 2188 d.
1227 2156 1249 2190 i.
1277 2154 1503 2201 προηγμένα.

944 2224 1024 2247 cum
1062 2224 1103 2248 ea
1142 2225 1194 2256 re,
1240 2217 1309 2249 cet.
1367 2215 1461 2249 Dem
1499 2215 1640 2260 Haupt-

898 2262 997 2294 satze
1032 2260 1152 2304 gehen
1183 2261 1273 2296 zwei
1298 2261 1540 2297 Vordersiitze
1573 2263 1642 2298 mit

896 2318 975 2341 eum
1001 2318 1152 2351 vorans,
1179 2319 1252 2343 von
1278 2308 1397 2343 denen
1422 2309 1486 2344 der
1513 2310 1640 2344 zweite

897 2353 936 2388 in
961 2365 1133 2399 engerem
1159 2354 1372 2390 Verhaltnis
1398 2367 1480 2390 zum
1500 2356 1640 2401 Haupt-

899 2404 997 2435 satze
1024 2401 1138 2444 steht,
1176 2401 1240 2436 der
1266 2404 1360 2437 erste
1387 2403 1457 2437 den
1483 2403 1639 2438 Vorder-

898 2448 974 2482 satz
999 2447 1119 2482 bildet
1150 2460 1192 2482 zu
1224 2460 1303 2483 eum
1335 2460 1377 2484 ea
1402 2461 1439 2484 re
1465 2470 1506 2474 —
1534 2461 1640 2494 περα-

898 2495 969 2529 bat.
1020 2494 1127 2529 Diese
1156 2495 1326 2540 Stellung
1358 2496 1422 2531 der
1455 2496 1561 2531 Siitze
1593 2496 1641 2531 ist

897 2540 1050 2585 sestner,
1095 2553 1203 2576 wenn
1244 2542 1353 2578 beide
1398 2543 1639 2577 Vordersatze

899 2588 1014 2622 durch
1041 2588 1202 2623 dieselbe
1229 2589 1483 2634 Konjunktion
1516 2590 1639 2634 einge-

898 2635 1001 2669 ffihrt
1021 2634 1114 2677 sind,
1129 2635 1254 2679 haufig
1273 2636 1513 2678 namentlich,
1536 2647 1640 2670 wenn

899 2681 964 2715 der
989 2681 1068 2715 eine
1096 2681 1175 2715 eine
1207 2682 1391 2716 indirekte
1417 2682 1533 2725 Frage
1561 2684 1639 2716 ent-

898 2727 995 2768 ham
1028 2728 1116 2761 aber
1147 2728 1220 2772 vgl.
1248 2728 1282 2760 H
1308 2732 1369 2771 27,
1398 2733 1440 2762 67
1475 2733 1515 2762 ut
1547 2729 1642 2763 enim

898 2775 930 2808 si
963 2775 1022 2808 cm·
1054 2775 1263 2818 naviyanti,
1295 2776 1496 2818 praedones
1527 2776 1560 2809 si
1584 2776 1640 2809 in-

898 2823 1106 2864 sequantur,
1133 2822 1219 2855 (leus
1245 2822 1308 2866 qui
1332 2822 1477 2856 dixerit.
