1849 3103
172 61 255 102 134
685 60 732 95 M.
760 59 920 96 TULLII
945 60 1196 96 CICERONIS

166 171 294 211 induit
325 183 531 221 personam
563 170 783 222 philosophi
816 178 854 210 et
886 170 960 209 sibi
997 172 1079 222 ipse
1119 170 1192 210 hoc
1233 183 1374 209 nomen
1407 172 1623 223 inscripsit,
1661 172 1714 212 di-

168 242 256 269 cere
290 229 439 282 licebit,
479 229 580 280 quod
615 230 788 282 quidem,
828 236 871 270 ut
902 229 1017 269 habet
1056 241 1096 268 se
1130 242 1211 281 res,
1249 227 1315 268 ‘me
1347 235 1476 268 tamen
1507 230 1714 281 plaudente

168 290 278 340 dicit,
316 288 466 327 nullum
506 290 670 340 sapienti
709 301 793 328 esse
833 295 1005 340 tempus,
1049 289 1164 327 etiam
1203 289 1235 326 si
1275 294 1430 340 uratur,
1475 294 1716 342 torqueatur,

167 352 336 399 secetur,
369 349 463 398 quin
494 349 618 399 possit
651 348 865 387 exclamare
899 345 1039 393 ‘Quam
1065 359 1136 398 pro
1164 347 1283 385 nihilo
1311 344 1457 400 putol',
1491 360 1579 386 cum
1605 360 1715 400 prae-

167 408 303 446 sertim
335 418 449 444 omne
481 407 624 445 malum
657 406 788 446 dolore
822 407 996 459 definiat,
1029 405 1176 445 bonum
1208 405 1423 458 voluptate,
1455 406 1550 445 haec
1582 413 1716 446 nostra

167 465 348 517 honesta,
386 467 514 517 turpia
551 465 717 505 inrideat
755 466 935 517 dicatque
969 477 1040 504 nos
1072 466 1111 503 in
1146 464 1305 504 vocibus
1337 472 1548 517 occupatos
1580 467 1715 505 inanes

167 536 283 563 sonos
322 524 503 576 fundere,
548 536 675 575 neque
715 526 922 576 quicquam
961 523 1007 562 ad
1046 536 1116 562 nos
1158 525 1356 575 pertinere
1395 526 1471 563 nisi
1509 524 1612 575 quod
1652 532 1717 564 aut

165 583 247 622 leve
286 589 352 622 aut
389 596 571 634 asperum
609 585 648 622 in
688 596 851 634 corpore
890 584 1099 623 sentiatur:
1137 582 1227 621 huic
1272 595 1383 635 ergo,
1421 590 1465 622 ut
1505 583 1600 635 dixi,
1639 596 1717 622 non

166 642 331 681 multum
369 642 563 680 differenti
602 654 622 680 a
661 642 804 681 iudicio
849 644 1021 681 serarum
1067 641 1242 681 oblivisci
1287 641 1420 681 licebit
1458 644 1519 681 sui
1557 649 1594 681 et
1633 648 1716 682 tum

166 701 360 739 fortunam
394 706 662 752 contemnere,
704 714 793 740 cum
831 703 880 740 sit
918 713 1031 740 omne
1066 706 1104 740 et
1136 700 1280 740 bonum
1314 703 1398 740 eius
1431 706 1469 740 et
1500 701 1645 740 malum
1676 703 1716 740 in

164 764 357 810 potestate
390 760 586 811 fortunae,
625 765 707 799 tum
746 760 875 799 dicere
915 772 955 798 se
994 759 1149 799 beatum
1189 762 1227 798 in
1268 772 1418 798 summo
1453 761 1627 799 cruciatu
1661 766 1715 799 at-

165 830 240 869 que
281 820 503 871 tormentis,
543 831 632 857 cum
671 820 921 858 constituerit
958 831 1035 857 non
1074 819 1187 857 modo
1227 831 1422 858 summum
1456 818 1599 858 malum
1630 831 1716 859 esse

108 887 151 918 74
167 877 357 929 dolorem,
402 878 469 916 sed
515 879 629 916 etiam
675 875 828 916 solum?
889 877 969 916 Nec
1008 890 1098 916 vero
1137 878 1199 916 illa
1242 878 1315 917 sibi
1353 878 1525 917 remedia
1565 890 1717 930 compa-

165 937 263 974 ravit
300 936 346 974 ad
378 936 623 974 tolerandum
656 936 848 988 dolorem,
889 936 1112 975 firmitatem
1145 938 1280 988 animi,
1323 937 1578 987 turpitudinis
1611 949 1718 976 vere-

165 994 357 1046 cundiam,
391 996 709 1033 exercitationem
743 995 1146 1046 consuetudinemque
1173 995 1356 1047 patiendi,
1389 994 1614 1046 [praecepta
1642 996 1718 1034 for-

164 1052 372 1105 titudinis,]
407 1053 590 1092 duritiam
622 1053 792 1105 virilem,
824 1054 891 1092 sed
925 1065 1000 1092 una
1034 1066 1074 1092 se
1107 1053 1200 1093 dicit
1233 1053 1504 1093 recordatione
1537 1053 1718 1106 adquies-

165 1124 253 1150 cere
293 1114 592 1163 praeteritarum
638 1112 912 1164 voluptatium,
956 1118 1000 1151 ut
1044 1114 1076 1151 si
1121 1114 1208 1164 quis
1254 1119 1454 1164 aestuans,
1505 1125 1595 1152 cum
1639 1115 1717 1152 vim

164 1170 303 1209 caloris
354 1183 431 1210 non
483 1171 593 1210 facile
644 1173 830 1223 patiatur,
887 1171 1087 1210 recordari
1137 1171 1228 1210 velit
1278 1184 1363 1211 sese
1414 1171 1620 1223 aliquando
1678 1174 1718 1211 in

164 1230 339 1281 Arpinati
372 1235 506 1269 nostro
545 1230 681 1281 gelidis
720 1230 946 1270 fluminibus
986 1232 1269 1270 circumfusum
1303 1231 1433 1270 fuisse.
1494 1230 1578 1269 Non
1612 1233 1717 1270 enim

210 1320 333 1355 induit
372 1331 581 1364 personam,
626 1320 691 1354 der
734 1332 803 1354 nur
843 1319 902 1355 die

163 1368 291 1402 Maske
324 1387 370 1392 —
404 1367 580 1412 angelegt
616 1368 692 1402 hat.
743 1380 777 1412 p.
811 1368 901 1403 Mur.

165 1418 196 1456 3,
224 1418 244 1449 6
270 1415 336 1449 has
355 1418 481 1458 partes
513 1415 672 1449 lenitatis
704 1418 736 1450 et
765 1415 902 1449 miseri-

164 1462 308 1496 cordiae
327 1483 369 1486 —
390 1472 525 1506 semper
546 1463 602 1506 egli
621 1463 780 1505 libenter,
801 1463 902 1497 illam

162 1518 243 1544 vero
268 1510 462 1553 yrcwitatis
488 1510 755 1553 severitatisque
780 1520 902 1553 perso-

162 1567 248 1590 nam
291 1566 364 1590 non
408 1557 577 1601 appetivi.
628 1556 773 1592 Ebenso
811 1556 904 1590 wird

156 1607 377 1648 personatus
401 1603 617 1648 gebraucht.
664 1603 746 1638 Sen.
768 1615 824 1648 ep.
845 1607 902 1647 80,

164 1654 184 1685 8
210 1651 368 1685 omnium
393 1652 544 1685 istorum
563 1655 763 1695 personata
787 1651 901 1694 felici-

161 1701 217 1733 tas
242 1701 301 1732 est.
346 1697 391 1733 de
417 1698 475 1732 off.
503 1698 553 1732 III
579 1702 634 1741 33,
663 1702 729 1733 116
755 1697 903 1733 werden

163 1745 221 1779 die
243 1744 467 1789 Cyrenaiker
491 1745 565 1779 und
592 1745 726 1780 andere
753 1746 791 1780 in
810 1746 901 1790 glei-

162 1792 268 1826 ehem
319 1792 430 1827 Sinne
478 1793 682 1837 philosophi
722 1793 904 1828 nominati

161 1840 336 1884 genannt.

209 1889 249 1920 ut
285 1887 389 1921 habet
427 1897 461 1921 se
500 1897 573 1928 res,
616 1887 685 1922 wie
727 1886 805 1921 sich
844 1887 903 1922 die

161 1933 279 1968 Saehe
305 1933 343 1967 in
365 1933 629 1968 Wirkliehkeit
654 1934 812 1978 verhfflt,
839 1934 902 1969 ab·

161 1980 322 2025 gesehen
342 1991 414 2015 von
435 1981 505 2015 den
525 1981 815 2025 Konsequenzen
838 1982 902 2016 des

163 2027 453 2072 Epikureischen
480 2028 652 2072 Systems.

212 2074 328 2119 Quam
349 2086 419 2119 pro
443 2076 559 2110 nihilo
585 2078 684 2119 puto⁴
736 2074 818 2109 Sen.
846 2086 901 2119 ep.

163 2125 218 2165 66,
239 2124 280 2156 18
307 2122 495 2166 Epicurus
520 2133 656 2166 quoque
681 2123 734 2157 ait
759 2123 902 2166 sapien-

162 2173 241 2212 tem,
267 2169 300 2203 si
323 2170 365 2204 in
381 2169 598 2205 Phalaridis
622 2173 729 2204 tauro
749 2180 904 2213 perura-

163 2219 234 2258 tur,
263 2217 566 2252 eaeelamaturum:
598 2217 700 2252 dulce
726 2220 773 2251 est
799 2220 831 2251 et
856 2217 905 2251 acl

162 2274 214 2297 me
227 2263 321 2297 nihil
334 2265 502 2308 pertinet.
530 2263 611 2308 Vgl.
631 2265 737 2299 Tusc.
753 2264 785 2297 ΙΙ
802 2268 833 2307 7,
849 2267 903 2299 17.

209 2310 330 2345 dolore
340 2311 603 2354 definiatmaeh
616 2311 698 2345 dem
710 2311 903 2346 Schmerze

163 2356 289 2404 missu,
305 2357 339 2393 d.
353 2357 387 2391 h.
416 2358 485 2392 den
513 2358 684 2393 Sehmerz
710 2358 764 2392 als
790 2358 903 2393 hoch-

164 2406 239 2439 stes
265 2404 359 2439 Ubel
385 2404 565 2440 hinstellt.

210 2452 250 2486 in
282 2452 427 2487 vocibus
459 2463 594 2496 occup,
627 2463 673 2486 an
701 2452 772 2486 den
796 2451 904 2486 Wor-

165 2499 227 2533 ten
253 2499 438 2544 hiingend.

211 2547 339 2581 inanes
382 2556 486 2581 sonos
527 2546 696 2589 fundere,
741 2546 815 2590 vgl.
853 2546 904 2580 ΙΙΙ

166 2596 220 2637 18,
246 2597 290 2628 42
316 2604 413 2628 voces
439 2594 565 2628 inanes
590 2594 751 2636 fundere⁴

210 2644 275 2675 aut
300 2642 370 2676 leve
396 2644 460 2675 aut
495 2651 671 2685 asperum.
722 2640 796 2675 Der
821 2640 904 2674 kor-

163 2687 328 2731 perliche
343 2687 514 2722 Schmerz
539 2687 613 2722 und
628 2689 719 2723 Lust
743 2687 791 2722 ist
810 2688 904 2722 nach

163 2735 305 2779 Epikur
342 2735 473 2770 immet
511 2735 575 2770 der
609 2733 902 2780 urspriingliche.

165 2781 209 2816 de
241 2782 301 2817 fin.
328 2783 344 2817 Ι
372 2786 433 2825 17,
467 2786 510 2817 55
549 2783 665 2817 animi
699 2786 816 2817 autem
847 2792 904 2817 vo-

163 2829 319 2874 luptates
353 2833 385 2865 et
410 2830 546 2866 dolores
579 2831 681 2865 nasei
705 2831 862 2873 fatemur
887 2840 904 2864 e

975 1321 1188 1364 corporibus
1206 1322 1455 1365 voluptatibus
1476 1325 1508 1356 et
1526 1322 1723 1357 doloribus.

975 1366 1057 1402 Alle
1084 1367 1319 1412 korperliche
1348 1367 1599 1413 Empfindung
1629 1368 1721 1403 aber

975 1413 1067 1448 wird
1101 1415 1216 1449 durch
1251 1415 1309 1450 die
1336 1416 1469 1450 Atome
1501 1416 1722 1460 vermittelt‚

975 1460 1115 1496 welche
1135 1462 1194 1496 die
1209 1462 1499 1497 verschiedenen
1509 1462 1720 1498 Eindrficke

976 1509 1091 1543 durch
1142 1508 1202 1544 die
1247 1509 1580 1544 Verschiedenheit
1622 1509 1722 1544 ihrer

977 1555 1124 1590 Gestalt
1161 1556 1236 1590 und
1275 1556 1444 1591 Schwere
1487 1556 1721 1592 hervorbrin-

975 1613 1056 1647 gen,
1084 1614 1123 1638 so
1152 1602 1232 1638 dass
1259 1604 1332 1638 alle
1358 1604 1616 1649 angenehmen
1635 1603 1720 1638 Em—

974 1650 1200 1696 pfindungen
1238 1651 1305 1685 auf
1336 1651 1474 1696 glatte,
1514 1651 1573 1686 die
1605 1662 1720 1686 nnan-

975 1697 1182 1779 genlehrrkilen
1225 1698 1291 1733 auf
1319 1698 1463 1734 scharfe
1495 1697 1629 1734 Atome
1661 1710 1721 1733 zu-

974 1756 1038 1779 rue
1095 1755 1114 1779 e
1144 1756 1198 1780 en.

1021 1756 1096 1826 noli
1120 1793 1272 1827 multum
1298 1793 1492 1836 differenti,
1518 1792 1579 1827 ein
1605 1793 1718 1839 abge-

974 1838 1122 1874 kiirzter
1148 1839 1347 1885 Vergleieh
1381 1840 1449 1875 wie
1475 1839 1508 1874 11
1535 1843 1573 1883 9,
1600 1843 1644 1875 20
1675 1850 1719 1874 ne

975 1897 1028 1921 me
1065 1887 1280 1922 occidentem
1316 1889 1445 1922 matris
1481 1891 1623 1932 superet
1659 1897 1717 1923 ca-

975 1935 1076 1969 ritas.

1024 1985 1078 2015 74.
1111 1985 1308 2025 praecepta
1345 1981 1578 2024 fortitudinis
1620 1979 1719 2026 passt

975 2027 1079 2062 nieht
1115 2029 1154 2062 in
1194 2028 1265 2063 den
1293 2028 1614 2073 zusammenhang
1650 2027 1721 2062 mit

974 2075 1130 2110 remedia
1148 2076 1221 2110 sibi
1239 2077 1473 2120 comparavit.
1518 2075 1589 2109 Ein
1609 2075 1720 2110 Leser

974 2122 1102 2157 wollte
1153 2122 1270 2157 damit
1322 2122 1381 2157 die
1431 2122 1720 2157 verschiedenen

976 2168 1135 2213 Begriffe
1172 2170 1378 2212 firmitatem
1421 2170 1538 2204 animi
1575 2170 1643 2204 cet.
1682 2169 1722 2204 in

977 2216 1084 2251 einen
1110 2217 1454 2252 zusammenfassen.

1023 2275 1099 2298 una
1124 2274 1159 2298 se
1184 2265 1274 2299 (licit
1302 2266 1370 2300 cet.
1413 2264 1488 2299 Das
1513 2263 1563 2298 ist
1583 2275 1627 2298 zu
1646 2263 1720 2298 viel

976 2311 1118 2355 gesagt,
1145 2311 1241 2346 denn
1262 2311 1384 2346 ausser
1404 2311 1470 2346 der
1489 2310 1721 2355 Erinnerung

976 2368 1022 2392 an
1054 2368 1289 2403 vergangene
1328 2358 1404 2393 und
1439 2358 1503 2393 der
1531 2357 1722 2402 Hoffnung

977 2404 1044 2439 auf
1066 2405 1237 2451 ku'nftige
1264 2405 1448 2449 Freuden,
1485 2405 1610 2440 fiihrte
1637 2404 1721 2449 Epi-

977 2452 1047 2486 kur
1078 2452 1275 2488 besonders
1309 2453 1380 2488 den
1406 2452 1636 2498 Trostgrund
1662 2463 1722 2495 an,

979 2499 1059 2534 dass
1092 2499 1156 2534 der
1189 2500 1359 2535 Sehmerz
1397 2500 1585 2535 entweder
1618 2499 1723 2534 nicht

978 2546 1049 2581 den
1081 2547 1262 2582 hochsten
1297 2547 1397 2582 Grad
1428 2546 1589 2582 erreicht
1623 2546 1719 2581 habe

978 2593 1066 2628 oder
1099 2605 1171 2629 von
1206 2595 1337 2629 kurzer
1368 2595 1490 2629 Dauer
1520 2593 1583 2629 sei.
1633 2592 1718 2639 Vgl.

977 2640 1029 2675 ΙΙΙ
1057 2644 1111 2684 17,
1137 2645 1181 2677 38
1207 2641 1282 2676 und
1308 2641 1340 2675 V
1366 2645 1385 2684 s
1413 2644 1469 2676 88.

1023 2688 1064 2722 in
1089 2687 1271 2732 Arpinati
1294 2692 1434 2730 nostro,
1459 2688 1498 2722 in
1523 2687 1587 2722 der
1612 2687 1718 2722 Nahe

976 2746 1047 2769 von
1067 2734 1268 2780 Arpinum,
1295 2747 1350 2771 wo
1372 2735 1444 2770 Cic.
1472 2734 1531 2769 ein
1550 2734 1721 2779 Landgut

975 2782 1115 2824 besass,
1148 2782 1228 2818 floss
1262 2783 1326 2818 der
1357 2781 1534 2817 Fibrenus
1574 2782 1613 2816 in
1647 2782 1718 2816 den

976 2828 1083 2863 Liris.
