1790 3103
259 99 654 135 TUSCULANARUM
678 98 1076 134 DISPUTATIONUM
1104 101 1164 134 Ill.
1193 105 1342 135 49—54.
1526 99 1578 140 31

35 221 152 261 supra
184 208 279 259 dixi,
319 210 434 247 etiam
473 207 688 259 Chrysippo
727 209 778 246 ita
818 207 937 245 videri
977 210 1075 258 sci0,
1115 209 1216 259 quod
1256 211 1453 259 provisum
1493 215 1581 248 ante

34 275 112 308 non
138 268 205 318 sit,
238 266 273 304 id
303 267 420 305 scrire
447 266 732 317 vehementius3
764 265 831 303 sed
858 277 935 304 non
963 272 1055 304 sunt
1081 267 1118 303 iu
1146 267 1217 304 hoc
1245 269 1383 305 omnia.
1441 268 1580 313 Quam-

34 337 148 378 quam
192 325 362 363 hostium
404 336 547 374 repens
588 324 776 362 adventus
818 325 938 374 magis
980 323 1176 375 aliquanto
1218 325 1424 364 conturbat
1466 338 1580 376 quam

33 388 279 434 exspectatus
321 388 360 421 et
400 384 517 420 maris
559 381 685 421 subita
727 388 938 433 tempestas
979 393 1092 432 quam
1135 388 1221 420 ante
1264 384 1416 433 provisa
1460 390 1582 423 terret

33 442 257 492 navigantes
296 440 581 492 vehementius,
626 447 664 479 et
702 442 785 479 eius
823 440 927 478 modi
966 446 1056 478 sunt
1094 440 1290 491 pleraque.
1355 440 1448 492 Sed,
1492 455 1580 480 cum

32 499 239 550 diligenter
278 500 598 549 necopinatorum
638 503 814 537 naturam
854 498 1097 549 consideres,
1136 498 1229 536 nihil
1268 498 1368 536 aliud
1409 502 1581 550 reperias

32 559 107 597 nisi
134 558 260 595 omnia
288 556 410 595 videri
437 556 563 595 subita
591 558 753 608 maiora,
781 562 818 594 et
844 556 1000 607 quidem
1028 556 1076 594 ob
1103 556 1198 595 duas
1226 568 1379 608 causas,
1412 559 1580 608 primum

32 615 134 667 quod
169 621 311 666 quanta
345 617 422 653 sint
454 627 551 665 quae
595 614 776 653 accidunt
814 614 1086 653 considerandi
1126 616 1293 665 spatium
1333 627 1409 653 non
1449 615 1581 667 datur,

31 673 190 724 deinde,
223 685 310 712 cuin
343 673 497 711 videtur
530 674 752 723 praecaveri
784 674 977 724 potuisse,
1016 674 1048 711 si
1080 675 1279 724 provisum
1312 680 1432 725 esset,
1471 675 1581 725 quasi

31 731 142 783 culpa
183 737 427 770 contractum
472 730 615 769 malum
659 731 942 781 aegritudinem
981 732 1171 770 acriorem
1215 732 1315 770 facit.
1379 732 1489 777 Quod
1529 734 1579 771 ita
1595 739 1639 769 53

30 801 115 830 esse
142 789 226 828 dies
251 788 438 840 declarat,
472 801 568 840 quae
596 789 814 839 procedens
846 791 898 827 ita
932 791 1097 840 mitigat,
1131 796 1173 828 ut
1205 789 1329 828 isdem
1362 789 1471 828 malis
1504 803 1580 828 ma-

28 847 214 888 nentibus
252 859 329 886 non
369 847 483 885 modo
523 847 690 886 leniatur
729 847 949 900 aegritudo,
991 847 1056 885 sed
1096 850 1135 886 in
1174 848 1372 899 plerisque
1413 848 1580 887 tollatur.

31 905 377 957 Karthaginienses
421 905 534 944 multi
578 905 722 944 Romae
768 908 1006 957 servierunt,
1051 905 1282 945 Macedones
1327 918 1417 957 rege
1462 906 1581 945 Perse

30 969 161 1016 capt03
197 964 270 1002 vidi
304 965 418 1002 etiam
451 966 489 1002 in
517 963 806 1016 Peloponneso,
838 976 926 1003 cum
961 976 1085 1002 essem
1114 964 1360 1016 adulescens,
1395 965 1581 1015 quosdam

33 1022 267 1062 Corinthios.
329 1021 378 1060 Hi
409 1028 590 1074 poterant
623 1035 758 1061 omnes
791 1022 925 1061 eadem
963 1022 1024 1061 illa
1065 1023 1111 1061 de
1145 1023 1413 1061 Andromacha
1451 1023 1581 1074 deplo-

32 1093 120 1120 rare
147 1083 249 1120 haec
275 1083 407 1120 onmia
434 1083 517 1119 vidi
537 1112 613 1128 ...‚
648 1080 715 1119 sed
742 1083 816 1119 iam
844 1081 1144 1120 decantaverant
1171 1082 1346 1120 sortasse.
1397 1081 1453 1119 Eo
1480 1083 1583 1119 enim

31 1145 143 1178 erant
174 1139 297 1190 voltu,
331 1140 524 1191 oratione,
556 1141 660 1177 omni
695 1139 844 1189 reliquo
878 1144 985 1178 motu
1019 1145 1056 1177 et
1089 1145 1209 1191 statu,
1247 1146 1291 1178 ut
1324 1152 1390 1177 eos
1423 1141 1583 1190 Argivos

31 1203 98 1236 aut
143 1197 346 1248 Sicyonios
397 1197 567 1249 diceres,
617 1199 817 1248 magisque
869 1209 929 1236 me
980 1204 1181 1236 moverant
1226 1197 1403 1236 Corinthi
1454 1197 1582 1236 subito

29 1260 207 1307 aspectae
239 1256 453 1306 parietinae
487 1267 601 1306 quam
634 1257 740 1306 ipsos
767 1255 1007 1307 Corinthios,
1040 1268 1206 1306 quorum
1234 1257 1372 1294 animis
1399 1256 1582 1294 diuturna

31 1315 211 1365 cogitatio
245 1313 384 1352 callum
418 1315 622 1352 vetustatis
655 1313 882 1352 obduxerat.
945 1314 1128 1364 Legimus
1167 1314 1310 1352 librum
1344 1313 1582 1365 Clitomachi,
1597 1321 1640 1352 54

891 1438 968 1472 vidi
1005 1439 1110 1472 etiam
1151 1438 1187 1471 in
1228 1437 1394 1482 Pelopon.
1446 1437 1486 1471 In
1513 1437 1583 1472 den

843 1484 980 1518 Jahren
1008 1488 1145 1518 79—77
1173 1484 1266 1518 hielt
1293 1485 1369 1518 sich
1392 1483 1518 1518 Cicero
1544 1485 1582 1518 in

845 1530 1114 1565 Grieehenland
1149 1531 1224 1564 und
1260 1530 1471 1566 Kleinasien
1509 1532 1581 1567 auf.

844 1577 1002 1612 Korinth
1029 1589 1104 1611 war
1126 1581 1192 1611 146
1213 1588 1284 1612 von
1297 1578 1496 1611 Mummius
1510 1590 1582 1612 zer-

846 1625 948 1658 stort.
985 1623 1181 1658 Allenfalls
1202 1624 1340 1659 konnte
1360 1625 1439 1658 also
1455 1623 1582 1659 Cicero

79 1448 204 1482 repens
224 1454 267 1466 =
288 1438 515 1482 repentinus,
542 1448 567 1472 ε.
597 1441 657 1480 14,
685 1440 740 1472 29.

78 1485 206 1520 deinde
231 1495 320 1519 cum.
370 1484 444 1519 Der
479 1484 606 1518 zweite
645 1483 770 1518 Grund

30 1531 122 1566 wird
148 1531 202 1565 als
235 1531 506 1575 selbstandiger
533 1529 616 1564 Satz
649 1530 770 1575 einge-

30 1577 144 1620 fiihrt,
157 1577 333 1611 wabrensi
351 1588 390 1611 er
403 1576 583 1612 ebenfalls
596 1588 667 1612 von
677 1578 772 1622 quod

31 1624 226 1669 abhangen
255 1624 374 1659 sollte.
425 1623 570 1659 Ebenso
592 1627 610 1666 ξ
633 1628 676 1658 54
698 1634 772 1658 mm

30 1681 100 1717 quo
125 1672 208 1715 ipsa
232 1681 343 1705 res—
354 1671 489 1715 possi,t
515 1672 575 1705 sed
595 1671 651 1713 id
678 1672 773 1715 quod

29 1719 126 1753 ratio
151 1718 340 1760 debuerat,
372 1728 461 1752 usus
485 1718 592 1753 docet
645 1718 726 1762 Vgl
755 1718 769 1751 I

31 1770 69 1809 1,
96 1769 114 1799 1
140 1775 215 1799 ‘non
239 1765 327 1808 quia
352 1784 396 1789 —-
422 1765 491 1799 sed.

71 1812 250 1856 potuisse,
301 1811 402 1845 ‘man
446 1812 548 1846 hatte
592 1810 768 1845 konnen’.

30 1857 72 1893 In
108 1857 173 1892 der
205 1857 305 1893 orat.
338 1859 440 1892 recta
477 1857 602 1891 wsirde
642 1857 770 1892 stehen

27 1906 148 1950 potuit
174 1924 218 1929 —
243 1906 276 1939 si
295 1906 482 1949 provisum
509 1908 603 1939 esset.

844 1670 939 1705 noch
966 1670 1091 1705 Greise
1122 1671 1250 1712 seben,
1289 1671 1399 1705 deren
1430 1671 1581 1706 Erinne-

843 1728 984 1762 rungen
1011 1717 1139 1751 soweit
1164 1717 1450 1762 zurfickgingen.

891 1765 933 1798 de
949 1764 1224 1805 Andromacha,
1252 1764 1349 1808 ‘jene
1363 1765 1490 1799 W'orte
1516 1775 1580 1799 aus

844 1811 908 1845 der
934 1810 1205 1845 Andromache'
1245 1813 1284 1854 (s.
1322 1815 1382 1853 19,
1414 1814 1485 1853 45).
1537 1810 1582 1846 de

844 1857 876 1890 (1.
904 1859 978 1892 nat.
1006 1857 1021 1889 Ι
1048 1861 1080 1900 8,
1108 1860 1150 1891 18
1180 1857 1348 1892 Platonis
1373 1859 1416 1892 de
1440 1858 1582 1892 Timaeo
1622 1889 1628 1894 .

844 1905 956 1938 deum.
1008 1904 1052 1938 de
1085 1914 1123 1938 re
1155 1916 1190 1948 p.
1223 1903 1238 1936 I
1273 1909 1332 1947 18,
1366 1908 1410 1938 30
1442 1905 1508 1938 illa
1540 1905 1583 1939 de

79 1954 133 1986 53.
163 1951 266 1996 Quod
290 1953 344 1986 ita
370 1961 448 1986 esse.
493 1950 581 1985 Dass
601 1950 660 1984 die
674 1950 769 1984 Wir-

30 1996 132 2043 knng
157 1998 220 2032 des
248 1997 525 2032 Unerwarteten
556 1997 621 2032 auf
642 1997 768 2031 diesen

30 2043 162 2079 beiden
189 2044 362 2079 Griinden
392 2044 543 2087 beruht,
581 2043 768 2078 erkennen

30 2091 98 2125 wir
122 2091 272 2134 claraus,
305 2090 384 2125 dass
417 2091 481 2125 der
508 2091 683 2125 Kummer
717 2090 768 2124 im

32 2136 188 2172 Verlauf
220 2138 284 2172 der
319 2138 398 2172 Zeit
434 2137 600 2172 nachlass
602 2139 634 2181 t,
673 2138 769 2172 deun

31 2183 101 2219 mit
137 2184 201 2219 der
226 2183 306 2218 Zeita
344 2184 530 2218 erkennen
567 2185 649 2220 wir.
689 2183 768 2218 dass

29 2230 94 2266 das
118 2222 214 2265 Ubel
238 2231 343 2265 nieht
369 2242 408 2265 so
435 2230 534 2274 grsos
561 2231 624 2273 ist,
651 2230 706 2265 als
733 2241 769 2264 es

28 2277 153 2313 nebien
178 2278 252 2311 und
278 2276 358 2311 dass
384 2289 451 2311 uns
435 2243 578 2312 grkeine
600 2277 688 2311 oder
706 2287 768 2321 ge-

28 2334 132 2406 1Ξέἔέ
153 2323 671 2415 ἷῖξῗξῃζὲῗὲῃᾱῒέῗὲξέἓ
692 2323 769 2405 ἓίξίῗ

29 2415 105 2460 len3
147 2419 240 2452 stati:
264 2417 393 2452 dessen
418 2417 585 2461 begnfigt
619 2428 657 2452 er
691 2417 769 2452 sich

32 2473 78 2498 an
102 2463 311 2509 Beispielen
342 2476 385 2498 zu
417 2463 561 2508 zeigen,
594 2463 672 2498 dass
705 2464 770 2498 der

30 2509 206 2546 Knmmer
247 2511 317 2544 mit
355 2511 418 2545 der
455 2510 534 2544 Zeit,
571 2509 768 2553 nachlasst,

31 2557 106 2591 und
130 2561 149 2599 ἓ
175 2561 219 2592 64
251 2557 354 2591 fuhrt,
385 2568 424 2592 er
455 2557 624 2592 dasselbe
649 2558 768 2602 Argu—

31 2605 132 2638 ments
155 2614 273 2649 gegen
300 2603 358 2638 die
376 2603 596 2648 Cyrenaiker
622 2615 679 2646 an,
706 2616 768 2638 um

33 2659 75 2684 zu
100 2650 244 2695 zeigen,
277 2650 356 2684 dass
389 2650 455 2685 der
479 2650 655 2685 Kummer
685 2650 768 2685 frei-

31 2695 149 2776 311:ng
174 2697 243 2741 sei,
270 2697 303 2730 (1.
325 2697 360 2732 h.
383 2697 448 2732 auf
465 2697 691 2742 Einbildnng
709 2697 770 2732 be-

101 2753 121 2776 e

83 2788 190 2824 Perse
214 2795 328 2834 capto.
380 2791 433 2825 Im
454 2791 485 2826 J.
506 2793 570 2825 168
590 2791 685 2825 nach
707 2791 771 2825 de1

36 2833 209 2871 Schlacht
233 2837 294 2872 bei
319 2837 455 2881 Pydna.

843 1951 1037 1994 Iphiqenia
1064 1951 1228 1985 Achillis.
1279 1951 1323 1985 de
1357 1950 1416 1985 off.
1449 1951 1500 1985 111
1525 1955 1581 1993 21,

841 2000 885 2031 82
913 1998 1068 2032 Graecos
1092 2007 1214 2032 versus
1240 1998 1282 2032 de
1310 1997 1527 2032 Phoenissis.

889 2045 1168 2079 decantaverant
1213 2061 1256 2072 =
1301 2048 1448 2079 cantare
1491 2045 1581 2079 desi-

841 2095 978 2126 veram.

889 2138 1045 2182 Arqivos
1059 2141 1124 2172 aut
1138 2137 1339 2182 Sicyonios,
1363 2137 1440 2171 also
1456 2138 1582 2180 Lente,

842 2184 900 2218 die
927 2196 998 2219 von
1024 2184 1172 2219 keinem
1199 2184 1370 2228 Ungh'ick
1404 2183 1583 2219 betroffen

841 2241 974 2266 waren.

891 2279 1021 2312 callum
1051 2279 1235 2312 vetustatis
1260 2278 1471 2320 obduxerat,
1498 2278 1530 2312 d.
1558 2278 1581 2312 i.

843 2325 973 2358 callum
1017 2326 1122 2369 quale
1165 2328 1333 2359 vestutate
1368 2325 1449 2367 fieri
1485 2325 1582 2366 solet,

842 2372 911 2406 mit
945 2371 1009 2406 der
1043 2371 1123 2405 Zeit
1157 2371 1385 2416 geffihlloser
1410 2372 1583 2416 gemacht

842 2418 957 2454 hatte.
1008 2418 1169 2459 1115,36
1190 2422 1221 2452 et
1247 2419 1322 2462 ipse
1348 2419 1451 2453 labor
1477 2419 1583 2462 quasi

842 2466 973 2499 callum
1000 2466 1181 2509 quoddam
1207 2465 1353 2500 obducit
1377 2466 1503 2500 dolori.

889 2515 943 2546 54.
985 2512 1227 2546 Clitomachus
1271 2522 1335 2546 aus
1380 2511 1581 2555 Karthago,

843 2558 930 2593 oder
960 2558 1030 2593 wie
1063 2569 1101 2593 er
1132 2558 1170 2592 111
1196 2558 1334 2593 seinem
1360 2558 1582 2592 Vaterlande

841 2604 951 2648 hiess,
989 2605 1218 2646 Hasdrubal,
1256 2605 1381 2639 wurde
1415 2616 1475 2639 um
1516 2608 1580 2638 129

840 2663 874 2686 v.
897 2651 980 2686 Chr.
1005 2652 1069 2686 der
1089 2651 1318 2696 Nachfolger
1337 2651 1401 2686 des
1421 2651 1580 2685 Karnea-

842 2698 905 2733 des
939 2698 1004 2732 auf
1033 2698 1116 2733 dem
1143 2698 1438 2732 Akademischen
1468 2697 1581 2730 Lehr-

843 2745 977 2779 stnhle.
1027 2745 1077 2779 Er
1097 2745 1285 2779 zeiohnete
1306 2745 1364 2779 die
1385 2744 1502 2777 Lehre
1518 2743 1581 2777 dea

843 2791 1056 2826 Karneades
1083 2791 1149 2825 auf
1175 2791 1251 2825 und
1279 2789 1485 2824 hinterliess
1512 2793 1581 2824 400

842 2837 998 2872 Biieher.
1051 2838 1084 2872 S.
1111 2838 1205 2872 Einl.
1234 2841 1251 2879 ξ
1279 2841 1310 2871 2.
