1817 3103
317 72 711 109 TUSCULANARUM
738 72 1138 109 DISPU'I'ATIONUM
1164 75 1226 110 111.
1253 79 1354 110 5—8.
1585 75 1607 115 7

51 197 117 236 ea,
149 195 246 234 quae
278 196 298 221 a
331 182 442 221 nobis
475 195 563 221 cum
597 182 852 221 familiaribus
885 184 1030 222 nostris
1062 185 1101 221 in
1134 183 1355 223 Tusculano
1389 192 1499 224 erant
1530 186 1606 224 dis-

59 248 202 294 putata.
266 241 341 280 Sed
374 243 556 292 quoniam
589 241 742 280 duobus
775 241 1046 292 superioribus
1085 241 1131 280 de
1165 249 1289 280 morte
1323 251 1361 282 et
1393 244 1439 282 de
1473 244 1605 283 dolore

51 300 205 340 ‚dictum
238 306 310 352 est,
341 301 481 338 tertius
513 301 594 339 dies
626 301 900 351 disputationis
931 300 1005 338 hoc
1045 302 1202 338 tertium
1238 301 1414 340 volumen
1452 304 1605 342 elliciet.

59 358 108 398 Ut
139 360 242 397 enim
275 360 313 397 in
346 358 590 397 Academiam
623 365 794 397 nostram
822 358 1096 397 descendimus
1122 358 1306 397 inclinato
1334 361 1408 397 iam
1435 362 1473 399 in
1500 368 1603 412 post·
1621 370 1639 399 7

51 417 313 457 >meridianum
347 423 500 468 tempus
526 417 606 468 die,
637 419 798 468 poposci
831 429 965 455 eorum
998 416 1177 468 aliquem,
1211 419 1275 468 qui
1308 417 1481 469 aderant,
1513 432 1601 458 cau-

57 488 138 514 sam
169 476 397 514 disserendi.
459 476 558 514 'l'um
592 488 654 514 res
686 481 769 513 acta
802 477 857 514 sic
890 483 966 514 est:

174 533 430 573 A.Videtur
455 534 564 573 mihi
589 534 755 572 cadere
783 535 828 572 in
853 536 1114 585 sapientem
1139 535 1400 585 aegritudo.
1436 535 1645 575 M.Num4

56 592 227 643 reliquae
262 606 417 644 quoque
449 592 766 644 perturbationes
794 594 922 643 animi,
955 592 1194 644 formidines,
1227 593 1418 644 libidines,
1451 595 1602 632 iracun-

48 649 170 690 diae?
232 651 334 690 llaec
368 653 469 690 enim
504 652 584 690 sere
617 657 709 690 sunt
740 653 824 690 eius
858 652 977 703 modi,
1016 664 1113 702 quae
1147 651 1284 690 Graeci
1321 647 1442 703 πάθη
1476 652 1603 704 appel-

56 709 153 762 lant;
193 723 262 761 ego
301 717 476 761 poteram
515 709 690 760 morbos,
729 716 767 748 et
804 710 842 748 id
882 710 1042 748 verbum
1082 717 1185 749 esset
1223 724 1242 749 e
1284 711 1418 762 verbo,
1460 711 1526 750 sed
1564 713 1602 749 in

49 769 377 808 consuetudinem
399 775 570 807 nostram
593 781 669 807 non
692 768 858 807 caderet.
877 791 925 795 —
944 768 1040 806 Nam
1060 770 1239 807 misereri
1259 769 1445 822 invidere,
1459 771 1602 821 gestire

52 826 202 878 laetari,
241 827 335 866 haec
373 829 500 866 omnia
538 827 696 866 morbos
728 827 864 865 Graeci
897 827 1108 878 appellant,
1146 834 1274 866 motus
1312 830 1429 867 animi
1461 830 1603 867 rationi

50 898 128 925 non
163 886 494 938 obtemperantes,
534 899 604 925 nos
636 893 766 925 autem
798 886 868 924 lios
907 886 1065 924 eosdem
1103 894 1232 925 motus
1271 888 1453 926 concitati
1486 889 1602 926 animi

51 951 176 997 recte,
223 951 264 984 ut
306 947 462 997 opinor,
514 945 829 997 perturbationes
875 945 1105 997 dixerimus,
1150 945 1306 984 morbos
1350 952 1479 984 autem
1523 958 1601 984 non

51 1005 144 1043 satis
178 1006 338 1055 usitate,
372 1005 446 1043 nisi
479 1004 570 1055 quid
604 1004 705 1042 aliud
741 1003 809 1042 tibi
842 1003 1004 1042 videtur.
1067 1006 1111 1042 Α.
1137 1004 1230 1042 Mihi
1258 1017 1347 1043 vero
1374 1006 1448 1043 isto
1476 1005 1635 1045 modos

50 1063 105 1100 M.
131 1062 301 1101 Haecine
328 1064 446 1113 igitur
473 1063 610 1101 cadere
638 1065 677 1101 in
704 1064 919 1114 sapientem
945 1061 1086 1113 putas?
1143 1065 1186 1101 ,4.
1214 1062 1382 1102 Prorsus
1410 1065 1598 1102 existimo.

49 1122 103 1160 M.
137 1121 192 1160 Ne
231 1123 303 1160 ista
341 1121 506 1171 gloriosa
546 1123 733 1173 sapientia
773 1134 849 1159 nou
888 1134 1025 1171 magno
1065 1122 1301 1160 aestimanda
1335 1129 1411 1173 est,
1452 1124 1485 1161 si
1517 1124 1599 1173 qui-

48 1180 136 1218 dem
168 1192 245 1218 non
278 1179 443 1218 multum
476 1180 606 1218 differt
637 1180 683 1218 ab
716 1181 875 1218 insania.
932 1182 976 1218 Α.
1011 1178 1140 1225 Quid?
1174 1180 1242 1218 tibi
1275 1183 1450 1219 omnisne
1483 1182 1601 1219 animi

47 1240 256 1277 commotio
290 1239 442 1277 videtur
475 1236 652 1277 insania?
706 1239 759 1277 M.
786 1238 872 1276 Non
898 1238 993 1276 mihi
1020 1239 1177 1290 quidem
1203 1238 1286 1291 soli,
1320 1240 1399 1291 se0l,
1431 1239 1469 1278 id
1496 1240 1599 1290 quod

46 1297 229 1336 admirari
268 1309 381 1348 saepe
415 1297 538 1349 soleo,
576 1296 789 1336 maioribus
830 1309 984 1347 quoque
1019 1299 1163 1336 nostris
1196 1297 1269 1336 hoc
1302 1299 1353 1336 ita
1386 1299 1512 1336 visum
1543 1299 1599 1337 in-

48 1355 188 1406 tellego
225 1355 354 1395 multis
393 1356 559 1395 saeculis
599 1362 686 1394 ante
728 1356 950 1407 Socratem,

45 1420 106 1453 est
137 1414 184 1453 de
217 1416 290 1453 vita
323 1421 361 1454 et
393 1414 439 1453 de
474 1414 665 1467 moribus,
703 1414 946 1466 philosophia
986 1417 1163 1454 manavit.

363 1474 417 1512 Μ.
451 1474 548 1519 Quia
581 1486 722 1512 nomen
754 1475 927 1512 insaniae
968 1475 1158 1524 significat
1191 1476 1333 1512 mentis
1366 1476 1596 1526 aegrotatio-

39 1473 133 1512 dem
165 1473 278 1512 modo
287 1471 308 1512 ἶ)

43 1544 132 1570 nem
166 1538 204 1571 et
235 1531 433 1583 morbum,
473 1532 529 1582 [id
568 1538 628 1571 est
659 1533 906 1571 insanitatem
940 1539 978 1571 et
1010 1539 1212 1583 aegrotum
1250 1535 1439 1586 animum,

45 1656 162 1691 benen
187 1656 332 1692 Biicher
357 1656 400 1691 de
426 1656 558 1691 finibus
591 1657 664 1691 und
690 1657 780 1692 Aca—

42 1703 196 1739 demica.
246 1704 280 1740 S.
306 1703 400 1739 Einl.
428 1707 446 1746 ξ
467 1709 497 1739 9.

91 1754 122 1785 7.
149 1752 359 1793 Academia,
385 1762 412 1785 s.
439 1750 473 1785 11
498 1756 530 1794 3,
559 1755 589 1785 9.

89 1808 236 1833 causam
279 1798 492 1839 disserendi,
535 1798 599 1832 das
639 1798 781 1833 Thema

41 1845 108 1880 der
132 1845 385 1889 Disputationz
411 1856 523 1880 eausa
547 1845 597 1879 isi:
623 1845 686 1880 der
712 1844 780 1880 Ge-

41 1892 224 1937 genstand
266 1891 330 1927 der
375 1891 676 1937 Untersuchung‚
721 1892 778 1926 die

43 1938 281 1984 Streitfrage3
314 1939 358 1974 de
385 1950 434 1974 or.
462 1939 476 1972 Ι
504 1943 535 1982 5,
565 1943 605 1973 16
633 1940 780 1982 infinita

38 1997 234 2021 causarum
260 1987 440 2021 varietate.

89 2033 182 2078 Kap.
207 2032 245 2068 4.
281 2033 399 2075 Haec,
431 2032 615 2078 derartige
647 2033 778 2078 Dinge,

42 2091 113 2115 von
151 2080 268 2115 denen
300 2081 511 2123 formidines
542 2092 574 2114 u.
597 2093 623 2114 s.
645 2092 687 2114 w.
723 2080 778 2115 als

38 2126 222 2171 Beispiele
259 2127 456 2171 angefiihrt
493 2127 584 2163 sind.
635 2127 716 2171 Vgl.
746 2128 779 2162 II

41 2177 98 2216 26,
125 2178 168 2210 62
193 2174 278 2209 haec
303 2174 367 2208 auf
389 2175 536 2209 honores
561 2174 734 2219 bezogen.

87 2222 127 2256 id
157 2221 300 2256 verbnm
329 2224 414 2256 esset
446 2232 462 2255 e
486 2222 608 2256 verbo:
646 2221 690 2255 de
717 2222 776 2257 fin.

43 2268 95 2303 ΠΙ
117 2271 172 2312 10,
192 2271 237 2302 35
257 2268 547 2312 perturbationes
573 2269 778 2303 animorum

42 2335 85 2340 —
123 2325 213 2360 quas
250 2315 381 2350 Graeci
416 2312 541 2358 πάθη
580 2316 778 2359 appellant,

39 2365 200 2407 poteram
236 2372 297 2406 eqo
333 2362 477 2396 verbum
513 2363 631 2406 ipsum
666 2363 777 2398 inter-

36 2412 186 2453 pretans
216 2409 355 2444 morbos
386 2409 584 2453 appellare,
614 2410 674 2445 sed
704 2421 778 2444 non

40 2456 241 2492 conveniret
255 2456 303 2491 ad
315 2457 446 2491 omnia.
463 2456 536 2490 Das
548 2456 777 2501 griechische

39 2499 165 2543 πάθος
196 2502 398 2548 entspricht’.
429 2504 534 2538 mehr
548 2486 644 2538 e’dem
671 2503 776 2538 deut-

41 2550 152 2585 schen
176 2549 438 2585 Leidenschaft
468 2550 523 2585 als
555 2550 639 2585 dem
670 2550 775 2586 latei-

36 2596 190 2632 nischen
214 2597 369 2639 morbm,
394 2597 470 2632 und
494 2597 543 2632 ist
567 2598 624 2632 fur
650 2597 775 2632 diesen

40 2642 200 2679 Zustand
225 2644 290 2679 der
314 2643 523 2679 Unfreiheit
547 2643 610 2679 des
631 2644 775 2680 Geistes

42 2688 326 2726 bezeichnender
357 2691 412 2726 als
432 2692 677 2736 perturbatio,
708 2692 774 2726 das

40 2735 101 2770 die
114 2736 224 2773 Aufre
226 2749 327 2783 gung
345 2738 409 2773 des
424 2738 566 2773 Geistes
588 2738 655 2774 wie
675 2738 776 2774 einer

43 2750 306 2820 Wasserfl'agche
332 2785 555 2820 bezeichnet.

87 2831 304 2875 SWprorsus
333 2844 358 2867 s.
387 2832 562 2877 z.I5,9.

998 1368 1018 1394 a
1057 1369 1133 1407 quo
1179 1356 1273 1394 baec
1312 1358 1455 1409 omnis,
1500 1369 1597 1408 quae

1227 1417 1271 1453 Α.
1306 1415 1482 1461 Quonam
1515 1422 1596 1454 tan-

1481 1546 1597 1584 quam

900 1667 1030 1703 mayno
1050 1658 1276 1692 aestimanda
1296 1661 1355 1692 est.
1389 1658 1462 1692 Der
1482 1658 1595 1693 Abla-

853 1705 906 1739 tiv
948 1715 1078 1748 mayno
1122 1704 1197 1738 und
1236 1715 1434 1749 permayno
1479 1705 1594 1739 findet

853 1751 930 1786 sich
970 1751 1028 1786 bei
1066 1752 1270 1792 aestimare,
1310 1763 1410 1787 wenn
1450 1763 1488 1786 es
1523 1752 1594 1787 den

853 1798 942 1833 Sinn
980 1809 1049 1833 von
1090 1798 1346 1840 ‘abschatzem
1385 1799 1455 1833 den
1491 1798 1594 1834 Preis

854 1845 1085 1880 bestimmen'
1120 1845 1196 1880 hat.
1247 1846 1291 1880 de
1325 1846 1383 1881 fin.
1411 1846 1463 1880 111
1489 1851 1520 1888 3,
1550 1850 1591 1880 11

852 1893 1019 1927 virtutem
1055 1903 1129 1926 non
1166 1904 1295 1936 mayno
1333 1893 1593 1928 aestimandam

846 1943 980 1983 putem.
1027 1939 1156 1974 Parad.
1178 1939 1228 1973 VI
1248 1943 1266 1981 ξ
1288 1944 1330 1974 51
1358 1950 1462 1975 areas
1487 1951 1592 1984 quas-

852 1987 935 2021 dam
962 1997 1090 2031 mayno
1115 1987 1316 2022 aestimant.
1354 1987 1454 2023 Verr.
1482 1987 1533 2022 IV
1560 1991 1591 2028 7,
1615 2008 1620 2015 -

856 2038 896 2068 13
923 2037 962 2068 tu
987 2033 1058 2068 ista
1078 2044 1275 2078 permayno
1301 2034 1478 2070 aestimas.

899 2081 1097 2115 maioribus
1140 2091 1277 2125 quoque
1318 2082 1463 2116 nostris.
1521 2081 1591 2116 Die

851 2127 987 2162 Romer
1023 2127 1211 2162 brauchen
1245 2129 1396 2162 insanus
1427 2128 1501 2163 und
1535 2129 1590 2163 in-

850 2176 959 2209 sania
984 2174 1124 2209 sowohl
1150 2185 1222 2209 von
1248 2174 1591 2210 Geisteskrankhei-

850 2223 912 2256 ten
939 2221 992 2256 als
1019 2233 1091 2256 von
1116 2220 1304 2266 grosseren
1329 2222 1589 2257 Leidensehaf-

850 2271 913 2303 ten
938 2268 1013 2303 und
1038 2268 1109 2303 den
1129 2268 1251 2303 davon
1271 2268 1490 2314 ergriffenen
1504 2270 1590 2305 Per-

851 2326 980 2359 sonen,
1019 2327 1047 2351 z.
1074 2315 1114 2349 B.
1154 2316 1279 2350 insani
1318 2327 1474 2359 amores,·
1512 2316 1590 2352 dies

850 2361 953 2407 giebl:
991 2362 1064 2397 Cic.
1104 2362 1175 2397 den
1211 2362 1352 2398 Anhalt
1389 2375 1432 2397 zu
1471 2364 1590 2399 seiner

849 2410 1108 2455 Behauptung.
1167 2410 1294 2445 Indem
1337 2409 1398 2446 die
1443 2411 1590 2446 Stoiker

849 2456 927 2491 ihre
948 2457 1242 2502 Behauptungen
1267 2457 1382 2492 durch
1402 2457 1590 2502 Berufung

850 2504 916 2538 auf
932 2504 997 2539 das
1008 2503 1362 2539 Volksbewusstsein
1381 2517 1425 2539 zu
1444 2507 1587 2539 sttitzen

848 2551 1019 2594 suchten,
1051 2550 1183 2596 griffen
1215 2551 1266 2586 sie
1298 2551 1424 2596 haufig
1457 2564 1500 2586 zu
1525 2563 1587 2597 ge-

847 2597 1064 2633 waltsamen
1088 2596 1356 2643 Erklarungen.

894 2656 984 2690 quae
1009 2648 1059 2679 est
1083 2645 1125 2680 de
1149 2646 1226 2680 vita
1250 2649 1282 2679 et
1306 2645 1475 2687 moribus,
1500 2645 1586 2680 Um-

847 2692 1067 2736 schreibung
1098 2691 1158 2726 fur
1187 2691 1570 2736 ‘Moralphilosonhje’
1577 2718 1583 2726 .

895 2743 927 2774 9.
948 2739 986 2774 id
1005 2742 1055 2774 est
1073 2739 1306 2774 insanitatem
1322 2759 1364 2764 -
1380 2739 1581 2773 insaniunt.

847 2786 888 2820 In
923 2785 993 2821 den
1025 2785 1179 2820 XVorten
1217 2785 1266 2820 ist
1302 2785 1362 2820 ein
1392 2784 1584 2829 doppeltee

848 2832 1015 2868 Glossem
1052 2832 1260 2867 enthalten.
1302 2834 1334 2875 1)
1364 2831 1423 2866 die
1458 2831 1584 2867 Erlau-
