1790 3103
264 103 658 140 TUSCULANARUM
684 104 1083 141 DISPUTATIONUM
1109 107 1168 140 IV.
1197 110 1345 141 22—26.
1524 105 1579 146 63

28 214 191 256 morbus
230 219 269 252 et
306 216 519 265 aegrotatio
563 220 601 253 et
643 214 879 253 offensiones
924 226 1008 265 eae,
1053 226 1150 264 quae
1197 223 1288 254 sunt
1333 217 1389 253 eis
1434 215 1581 253 morbis

27 272 438 325 aegrotationibusque
472 274 701 311 contrariae.

144 330 266 382 Haec,
307 343 405 382 quae
447 330 552 382 dico,
593 332 827 382 cogitatione
865 332 969 369 inter
1010 342 1050 369 se
1093 330 1297 381 differunt,
1339 343 1379 369 re
1423 332 1644 382 quidemll

28 389 206 441 copulata
239 395 350 439 sunt,
384 401 507 440 eaque
534 391 716 428 oriuntur
742 402 787 428 ex
815 388 974 427 libidine
1008 395 1046 427 et
1079 401 1123 427 ex
1158 388 1313 427 laetitia.
1364 388 1459 427 Nam
1492 403 1581 428 cum

26 453 88 489 est
118 449 324 498 concupita
357 449 521 498 pecunia
560 460 632 486 nec
670 447 839 486 adhibita
878 448 1065 485 continuo
1105 448 1203 486 ratio
1243 448 1354 497 quasi
1393 448 1582 497 quaedam

27 506 227 546 Socratica
266 506 477 558 medicina,
520 518 617 557 quae
660 511 815 544 sanaret
855 517 938 544 eam
981 505 1253 557 cupiditatem,
1299 512 1502 556 permanat
1543 508 1582 543 in

25 576 143 604 venas
175 570 214 603 et
246 564 424 603 inhaeret
462 566 501 602 in
533 563 750 603 visceribus
782 563 876 602 illud
911 564 1053 602 malum
1086 565 1317 614 exsistitque
1351 563 1511 601 morbus
1545 570 1583 601 et

25 624 258 675 aegrotatiO,
290 635 388 674 quae
421 622 534 661 evelli
565 624 778 661 inveterata
793 634 889 661 anon
917 629 1101 674 possunt,
1134 624 1248 673 eique
1276 621 1412 660 morbo
1440 633 1581 660 nomen

26 688 86 721 est
117 683 286 720 avaritia.
350 681 616 732 Similiterque
658 683 779 720 ceteri
819 680 962 732 morbi,
1007 687 1050 719 ut
1093 681 1237 732 gloriae
1284 680 1495 732 cupiditas,
1540 687 1641 721 [1125

24 740 305 791 mulierositas,
337 745 380 778 ut
412 741 463 777 ita
497 739 686 790 appellem
719 752 820 791 eam,
854 752 952 790 quae
979 739 1126 778 Graece
1159 738 1399 790 φιλογυνία
1426 738 1583 790 dicitur,

26 800 227 849 ceterique
260 797 439 836 similiter
473 797 598 836 morbi
629 800 994 849 aegrotationesque
1022 803 1249 836 nascuntur.
1312 797 1419 842 Quae
1452 803 1582 835 autem

31 862 124 897 sunt
154 856 215 895 his
241 857 456 907 contraria,
489 868 533 894 ea
565 858 671 895 nasci
699 862 887 908 putantur
920 868 939 894 a
972 862 1098 907 metu,
1130 863 1173 895 ut
1199 856 1330 894 odium
1359 855 1581 906 mulierum,

27 915 140 967 quale
172 916 212 953 in
244 912 471 968 μισογύνςο
504 915 609 953 Atilii
648 921 724 967 est,
768 921 811 954 ut
857 917 895 953 in
940 915 1143 954 hominum
1180 916 1408 953 universum
1447 925 1583 965 gentis,

25 974 129 1026 quod
162 975 384 1024 accepimus
417 973 463 1011 de
497 973 678 1026 Timone,
720 976 786 1025 qui
819 969 1136 1025 μισάνθρωπος
1168 973 1403 1024 appellatur,
1442 978 1485 1011 ut
1526 973 1582 1010 in-

22 1031 266 1083 hospitalitas
299 1037 374 1070 est:
408 1044 505 1082 quae
539 1044 674 1071 omnes
708 1034 994 1083 aegrotationes
1027 1034 1144 1070 animi
1177 1045 1223 1071 ex
1267 1031 1435 1082 quodam
1474 1037 1582 1069 metu

25 1097 244 1130 nascuntur
271 1102 404 1129 earum
431 1103 582 1142 rerum,
615 1103 711 1141 quas
738 1092 893 1142 fugiunt
920 1097 958 1129 et
983 1090 1163 1130 oderunt.
1226 1090 1423 1128 Definiunt
1450 1095 1580 1128 autem
1596 1100 1640 1130 26

24 1150 142 1188 animi
169 1151 476 1200 aegrotationem
504 1151 767 1200 opinationem
794 1150 1065 1188 vehementem
1093 1149 1139 1187 de
1166 1161 1208 1187 re
1242 1161 1319 1187 non
1353 1148 1582 1199 expetenda,

22 1213 220 1258 tamquam
265 1207 372 1245 valde
423 1207 639 1258 expetenda
690 1210 756 1258 sit,
809 1208 1079 1246 inhaerentem
1124 1213 1162 1245 et
1205 1209 1363 1258 penitus
1414 1207 1581 1245 insitam.

24 1265 136 1312 Quod
169 1271 299 1304 autem
332 1267 507 1304 nascitur
539 1278 585 1304 ex
619 1267 833 1305 offensione
873 1268 925 1304 ita
958 1266 1165 1317 deliniunt,
1206 1267 1430 1317 opinionem
1468 1264 1582 1303 vehe-

22 1320 194 1363 {nentem
227 1324 274 1362 (le
307 1336 350 1362 re
383 1337 460 1363 non
493 1324 675 1375 fugienda
707 1325 979 1363 inhaerentem
1021 1331 1059 1364 et
1096 1326 1254 1375 penitus
1293 1326 1450 1362 insitam
1488 1329 1583 1362 tam-

23 1449 319 1494 quemadmodum
344 1459 410 1484 nos
435 1449 600 1484 dicamus
626 1470 688 1491 —,
713 1450 766 1484 sic
839 1461 955 1494 sogyn
979 1450 1017 1484 in
1042 1449 1316 1493 Naehahmung
1349 1447 1413 1483 des
1439 1447 1582 1493 gleich-

21 1506 58 1531 se
100 1496 215 1530 dicere
262 1497 379 1531 videri
425 1498 600 1540 quaedam
643 1497 766 1538 utilia,
838 1496 1012 1541 namigen
1057 1496 1214 1530 Stiickes
1258 1507 1331 1530 von
1380 1495 1583 1529 Menander

22 1553 114 1588 quae
138 1553 213 1577 ‘non
237 1543 331 1585 sirm·
363 1546 404 1577 ut
428 1544 492 1578 hoc
516 1545 638 1587 ipsum
670 1545 765 1578 vide·
839 1543 1049 1588 gedichtet,
1076 1554 1114 1577 er
1128 1543 1231 1577 hatte
1247 1543 1340 1577 auch
1356 1542 1414 1576 die
1429 1542 1584 1576 Elektra.

22 1593 84 1625 tur
114 1590 298 1625 honestum
324 1610 367 1615 —
394 1591 454 1625 sed
484 1591 525 1633 fit
556 1601 630 1626 non
660 1591 765 1625 hone·
839 1591 903 1625 des
931 1589 1138 1635 Sophokles
1169 1589 1364 1624 fibersetzt.
1416 1589 1482 1623 Bei
1508 1588 1582 1623 Cic.

22 1640 126 1672 stum.

70 1683 162 1728 Kap.
184 1683 246 1718 11.
291 1683 411 1726 Haec,
431 1695 522 1728 quae
543 1685 642 1719 dico:
661 1687 764 1718 niim-

22 1729 99 1765 lich
124 1731 270 1765 morbus
294 1730 370 1764 und
395 1732 604 1775 aeyrotatio.

69 1788 109 1812 re
133 1778 276 1821 quidem
302 1778 474 1821 copulata
495 1781 598 1812 sunt:
624 1778 674 1812 im
695 1779 765 1813 Le-

22 1823 94 1859 ben
131 1824 212 1859 sind
251 1824 302 1859 sie
336 1825 630 1869 ungeschieden:
671 1825 768 1860 denn

25 1870 83 1905 die
105 1871 268 1915 Sprache
294 1871 362 1906 hat
387 1872 446 1906 fiir
466 1871 524 1906 die
545 1872 767 1907 Unterarten

19 1917 148 1953 beider
167 1930 236 1952 nur
252 1918 767 1964 dieselbenBezeichnungen.

68 1976 160 2010 quae
184 1969 351 2008 sanaret,
385 1965 444 2000 die
474 1966 599 2001 heilen
630 1966 767 2008 winde,

21 2023 125 2047 wem]
186 2012 236 2046 sie
294 2012 460 2047 nitmlich
519 2013 764 2058 angewendet

20 2059 157 2093 wiirde.
208 2059 252 2094 de
287 2059 359 2104 leg.
395 2060 446 2094 III
482 2064 542 2102 17,
579 2064 623 2095 38
665 2060 764 2105 Quae

21 2105 78 2141 Iex
120 2106 214 2140 hanc
250 2107 463 2141 sententiam
505 2108 679 2150 continet,
723 2111 764 2142 ut

21 2162 139 2187 omnes
164 2153 253 2198 leyes
278 2154 432 2196 tolleret,
459 2165 550 2198 quae
564 2158 692 2198 postea
712 2155 763 2189 la-

20 2201 79 2234 tae
103 2203 199 2234 sunt.
251 2199 296 2233 de
323 2200 356 2234 d.
384 2202 459 2235 nat.
486 2200 519 2233 II
547 2204 602 2244 56,
631 2204 694 2235 141
724 2202 764 2235 in

21 2247 198 2289 aedificiis
217 2247 404 2282 architecti
423 2251 591 2282 avertunt
617 2249 662 2282 ab
683 2259 764 2282 ocu-

23 2292 70 2328 lis
94 2293 315 2338 naribusque
334 2294 562 2329 dominorum
588 2305 647 2338 ea,
674 2306 765 2339 quae

17 2341 242 2385 profluentia
274 2342 474 2376 necessario
508 2343 617 2377 taetri
654 2346 765 2376 essent

23 2387 166 2432 aliquid
190 2387 373 2423 habitura.

22 2464 27 2470 .
69 2435 186 2476 evelli,
213 2446 240 2469 s.
269 2447 296 2468 z.
324 2434 376 2468 III
403 2438 421 2477 ξ
450 2439 492 2469 83
519 2435 713 2479 eliyendae.

70 2484 126 2517 25.
158 2481 404 2526 Similiterque
436 2483 543 2516 ceteri
572 2483 688 2516 morbi
719 2503 763 2508 —

23 2529 196 2573 ceterique
229 2529 395 2563 similiter
429 2530 553 2564 morbi.
604 2528 673 2564 Die
702 2530 763 2564 be-

24 2585 190 2619 gonnene
240 2575 511 2610 Konstrukt-ion
562 2576 612 2610 ist
660 2576 766 2611 nieht

22 2620 298 2667 durohgeffihrt.
343 2623 410 2657 Die
431 2621 512 2657 Eile
531 2623 592 2658 bei
613 2623 676 2658 der
689 2623 764 2658 Ab-

23 2666 175 2713 fassung
195 2669 259 2704 der
275 2669 413 2704 Sehrift
432 2670 507 2704 und
528 2670 587 2704 die
603 2669 763 2704 Schwie-

22 2713 178 2759 rigkeit,
203 2716 344 2751 welche
366 2716 440 2752 Cic.
461 2717 597 2762 gerade
622 2717 660 2751 in
687 2717 764 2752 die-

23 2771 100 2796 sem
113 2762 333 2798 Abschnitte
347 2764 406 2799 die
421 2764 565 2799 Sachen
579 2764 763 2808 maehten,

23 2809 304 2853 entschuldigen
329 2810 388 2845 die
414 2810 728 2855 Nachliissigkeit.

69 2855 210 2891 Atilius
240 2857 345 2892 hatte
376 2857 457 2892 eine
484 2857 662 2893 Komodie
695 2858 764 2892 Mi—

838 1637 953 1672 heisst
978 1648 1016 1672 er
1041 1638 1179 1680 ferreus
1203 1638 1360 1680 scriptor
1393 1635 1453 1679 (de
1478 1635 1539 1670 fin.
1567 1636 1582 1669 I

839 1688 870 1727 2,
899 1685 934 1728 5)
959 1684 1035 1718 und
1056 1687 1165 1728 poeta
1190 1684 1408 1718 durissimus
1430 1683 1491 1727 (ad
1504 1683 1581 1717 Att.

839 1730 922 1764 XIV
941 1735 997 1774 20,
1012 1732 1063 1774 3),
1092 1731 1146 1765 als
1166 1730 1344 1764 Komiker
1363 1740 1440 1764 war
1466 1740 1505 1764 er
1527 1729 1582 1773 je-

841 1778 935 1812 doeh
961 1778 1127 1822 gefeiert.

891 1825 923 1859 T
924 1826 1019 1860 imon
1045 1836 1117 1860 von
1137 1824 1261 1858 Athen
1286 1824 1385 1858 lebte
1406 1823 1582 1858 withrend

841 1872 906 1906 des
930 1871 1287 1916 peloponnesischen
1319 1871 1472 1915 Krieges
1506 1870 1583 1904 und

840 1920 946 1954 hatte
972 1919 1049 1953 sich
1076 1919 1136 1953 ein
1162 1918 1454 1953 turm'ahnliches
1480 1917 1582 1951 Hans

841 1965 921 2001 fern
959 1977 1031 2001 von
1069 1965 1153 1999 dem
1179 1965 1346 1999 Verkehr
1378 1964 1447 1998 mit
1484 1964 1582 1999 allen

836 2013 998 2048 anderen
1041 2012 1243 2047 Menschen
1292 2012 1442 2056 gebaut..
1504 2010 1583 2045 Seit

835 2060 1102 2104 Aristophanes
1122 2059 1197 2094 und
1216 2058 1447 2093 namentlich
1467 2057 1582 2092 durch

836 2107 977 2142 Lueian
1002 2107 1053 2141 ist
1079 2118 1118 2141 er
1143 2106 1208 2141 der
1234 2106 1359 2150 Typus
1390 2105 1453 2140 des
1480 2104 1581 2139 Men-

838 2154 1099 2189 schenhassers
1125 2153 1334 2198 gewolden.

886 2206 942 2235 26.
986 2200 1183 2243 Desiniunt
1226 2203 1355 2234 autem.
1410 2197 1580 2233 Dieselbe

839 2247 1040 2282 Definition
1067 2247 1171 2291 giebt
1198 2246 1357 2281 Stobiius
1391 2245 1458 2280 ecl.
1486 2245 1568 2289 IIp

838 2297 905 2328 182
933 2300 975 2337 (s.
1003 2305 1031 2329 c.
1062 2298 1104 2328 10
1131 2306 1159 2327 z.
1185 2293 1262 2337 A.)
1296 2293 1366 2327 mit
1395 2293 1480 2327 dem
1507 2290 1579 2326 Cic

838 2353 921 2377 sons
906 2343 939 2375 st
963 2351 1057 2386 ganz
1082 2340 1398 2382 fflereinstixumt,
1425 2350 1498 2374 von
1519 2337 1581 2373 νό

838 2400 951 2433 σημα,
972 2388 1149 2422 wahrend
1170 2399 1208 2422 er
1229 2387 1289 2422 die
1309 2383 1581 2443 ἀρρωστήματα

837 2435 1007 2470 definiere
1032 2435 1087 2469 als
1120 2432 1311 2479 νοσήματα
1345 2430 1425 2478 μετ’
1461 2431 1577 2467 ἀσθε-

836 2479 1582 2573 '632⁶‘{11⁶5tfiffgtfffissgssflfflgssffisshizlss

837 2577 921 2619 hat,
955 2576 1043 2610 oder
1075 2575 1146 2610 den
1185 2576 1280 2610 oben
1317 2574 1582 2619 aufgestellten

837 2622 1085 2658 Untersehied
1105 2622 1184 2657 hier
1198 2621 1334 2656 wieder
1348 2621 1463 2656 fallen
1482 2619 1579 2654 hirst.

887 2670 992 2715 Quod
1030 2673 1148 2704 autem
1189 2670 1352 2703 nascitur
1390 2670 1458 2703 cet.
1509 2667 1582 2700 Der

837 2716 1032 2752 Ausdruck
1058 2716 1107 2750 ist
1132 2726 1321 2760 ungenau,
1354 2715 1450 2748 denn
1483 2712 1580 2746 nach

839 2767 858 2806 ξ
884 2768 928 2799 23
965 2763 1047 2798 sind
1079 2762 1138 2796 die
1171 2760 1420 2796 krankhaften
1446 2759 1581 2793 Abnei-

836 2822 997 2855 gungen,
1017 2810 1248 2853 offensiones,
1270 2808 1367 2842 selbs
1370 2809 1385 2840 t
1405 2806 1580 2851 gemeint,

839 2857 897 2892 die
924 2868 989 2892 aus
1016 2856 1081 2890 der
1107 2855 1243 2890 Furcht
1271 2856 1348 2888 ents
1335 2854 1520 2898 springen.
