1790 3103
287 99 683 134 TUSCULANARUM
710 98 1108 133 DISPUTATIONUM
1137 100 1196 134 IV.
1226 104 1373 134 10—14.
1549 99 1602 139 57

50 209 196 250 Natura
230 210 332 247 enim
366 220 501 247 omnes
534 220 596 259 ea,
629 220 726 258 qnae
762 207 860 245 bona
889 207 1088 259 videntur,
1121 214 1342 258 sequnntur
1370 211 1603 259 fugiuntque

51 269 264 318 contraria3
297 280 412 318 qnam
446 267 495 305 ol)
527 278 609 305 rem
643 265 758 304 simul
791 265 940 304 obiecta
969 267 1120 316 species
1147 272 1207 304 est
1233 268 1467 318 cuiuspiam,
1500 267 1602 318 qnod

24 325 196 366 ¹bonum
228 326 422 376 videatur,
455 325 500 362 ad
534 324 570 362 id
604 324 897 375 adipiscendum
931 324 1081 374 inpellit
1113 325 1194 374 ipsa
1229 330 1377 362 natura.
1441 326 1479 363 ld
1515 339 1603 364 eum

51 389 277 424 constanter
298 384 591 435 prudenterque
619 384 670 434 sit,
698 384 783 421 eins
810 382 913 420 modi
941 383 1219 433 adpetitionem
1242 383 1362 419 Stoici
1389 379 1604 434 βούλησιν

50 442 262 494 appellant,
295 454 366 480 nos
393 441 627 493 appellemes
655 440 902 479 voluntatem.
954 440 1046 478 Eam
1081 440 1133 478 illi
1168 446 1300 491 putant
1337 442 1375 477 in
1410 441 1490 477 solo
1518 454 1604 479 esse

51 503 243 552 sapiente,
276 513 392 551 qnam
426 502 481 539 sic
514 499 721 538 deliniunt:
756 499 932 537 voluntas
965 505 1041 550 est,
1075 511 1173 549 qnae
1207 499 1298 549 quid
1333 510 1421 535 cnm
1455 501 1603 537 ratione

50 559 258 598 desiderat.
321 558 426 604 Quae
466 563 595 596 antem
629 570 652 595 a
686 559 835 595 ratione
875 569 1007 596 aversa
1041 559 1197 595 incitata
1231 562 1289 595 est
1324 556 1605 608 vehementius,

51 629 94 657 ea
127 617 246 656 libido
280 623 339 655 cst
372 617 429 655 vel
468 616 660 667 cupiditas
699 617 903 667 effrenata,
943 627 1041 666 qnae
1082 618 1120 653 in
1161 615 1342 653 omnibns
1382 615 1511 653 stultis
1551 617 1605 653 in-

49 677 216 715 venitur.
279 675 454 726 Itemque
494 687 582 712 cum
621 676 672 712 ita
712 687 932 726 movemur,
976 680 1019 713 nt
1063 676 1101 712 in
1148 674 1249 712 bono
1295 675 1417 712 simus
1464 673 1665 725 aliquo‚13

50 734 260 785 dupliciter
292 734 329 773 id
364 735 571 782 contingit:
611 745 698 770 nam
732 745 820 771 rum
861 735 1010 771 ratione
1049 735 1202 771 animus
1241 738 1418 770 movetur
1457 732 1605 783 placide

49 798 166 843 atque
199 798 443 843 constanter,
478 798 558 830 tnni
592 791 685 829 illud
719 791 902 842 gandium
936 791 1096 843 dicitnr;
1139 803 1227 829 cum
1267 796 1396 828 antem
1439 792 1607 829 inaniter

51 856 89 890 et
121 852 243 890 effuse
276 852 428 889 animus
461 850 646 902 exsultat,
687 855 768 888 tum
807 850 868 888 illa
907 850 1050 888 laetitia
1084 851 1256 900 gestiens
1290 848 1347 886 vel
1380 851 1497 887 nimia
1530 850 1607 887 dici

48 915 195 962 potest,
241 921 355 960 qnam
400 911 451 947 ita
497 909 706 961 deliniunt,
751 910 1026 959 sine—ratione
1066 910 1182 947 animi
1223 907 1440 946 elationem.
1504 910 1605 952 Quo·
1647 903 1650 905 ’

49 969 249 1019 niamque,
291 973 334 1006 ut
375 967 474 1006 hona
518 973 656 1005 natura
698 967 935 1019 adpetimus,
977 968 1032 1005 sie
1065 979 1084 1005 a
1118 966 1227 1005 malis
1267 971 1405 1004 natura
1439 966 1607 1005 declina-

51 1038 154 1079 mus,
200 1039 297 1077 qnae
341 1026 546 1064 declinatio
593 1038 681 1064 cum
726 1027 875 1064 ratione
921 1028 1004 1078 liet,
1049 1027 1176 1064 cautio
1222 1024 1440 1076 appelletur
1485 1037 1607 1075 eaque

48 1084 298 1135 intellegatur
330 1087 369 1123 in
402 1085 483 1123 solo
511 1097 596 1123 esse
624 1086 817 1136 sapiente;
851 1097 949 1134 qnae
983 1089 1113 1122 antem
1147 1086 1229 1122 sine
1264 1084 1413 1122 ratione
1447 1089 1485 1122 et
1519 1096 1607 1122 cum

48 1145 334 1182 exanimatione
361 1143 497 1182 humili
524 1150 640 1194 atque
669 1144 801 1195 fracta,
828 1145 1053 1181 nominetur
1075 1148 1219 1181 metus:
1246 1147 1303 1180 est
1335 1144 1454 1193 igitur
1480 1147 1609 1180 metus

49 1213 74 1240 a
107 1203 257 1240 ratione
290 1214 422 1240 aversa
456 1204 595 1240 cautio.
658 1202 881 1240 Praesentis
917 1207 1045 1240 autem
1086 1201 1174 1239 mali
1213 1202 1400 1251 sapientis
1439 1201 1605 1238 adfectio
1626 1208 1668 1238 14

50 1259 153 1299 nulla
187 1266 263 1312 es13
297 1260 405 1299 stulti
439 1260 606 1309 [autem]
642 1259 844 1311 aegritudo
878 1266 954 1310 est,
995 1271 1117 1309 eaque
1157 1258 1394 1297 adficiuntur
1427 1261 1464 1297 in
1498 1258 1608 1297 malis

102 1399 156 1432 12.
182 1396 333 1431 Natura
354 1397 422 1430 cet.
473 1397 546 1430 Der
567 1396 678 1431 Trieb
698 1396 793 1430 nach

50 1442 134 1477 dem
187 1443 252 1478 der
295 1442 415 1477 Natur
465 1443 793 1488 cntsprechenden‚

50 1490 84 1526 d.
115 1490 151 1525 h.
183 1490 279 1524 nach
317 1491 400 1524 dem
439 1490 560 1524 Guten
600 1491 650 1524 ist
694 1490 791 1524 allen

52 1536 186 1572 Wesen
201 1536 423 1581 angeboren
460 1537 532 1571 Der
546 1537 663 1572 Unter
667 1536 793 1571 sehied

868 1397 1041 1439 adfectio:
1086 1395 1328 1440 Verbindung
1381 1395 1480 1429 eines
1527 1395 1609 1429 sub-

862 1443 1034 1487 jektiven
1059 1443 1134 1477 und
1167 1443 1265 1477 eines
1299 1441 1513 1485 objektiven
1541 1442 1609 1476 Ge-

866 1490 986 1524 netivs
1002 1490 1070 1524 mit
1084 1490 1299 1524 demselben
1317 1489 1610 1523 Substantivum.

867 1540 885 1578 ἓ
922 1541 967 1571 40
1006 1538 1136 1579 fratris
1172 1537 1353 1580 repulsam
1391 1536 1609 1571 consulatus.

51 1583 235 1618 zwischen
292 1583 374 1619 dem
430 1583 793 1629 vernnnftgemafsen
865 1583 950 1628 Vgl.
984 1596 1012 1617 z.
1046 1583 1079 1616 ΙΙ
1113 1587 1202 1625 §35
1243 1584 1345 1618 labor
1382 1586 1431 1617 est
1468 1584 1611 1625 functio

48 1629 214 1673 Affekte,
242 1627 451 1673 εὐπάθεια
472 1631 691 1672 constantia,
716 1630 792 1664 und

49 1677 114 1712 der
139 1659 404 1712 Lei'densehaft
436 1678 485 1712 ist
516 1677 613 1720 also,
652 1680 684 1721 1)
711 1676 790 1712 dass

50 1723 128 1759 sich
174 1723 232 1758 die
270 1723 582 1759 Leidensehaften
627 1725 693 1758 auf
732 1724 791 1758 ein

49 1770 281 1805 scheinbares
302 1772 536 1815 (opinatum),
557 1771 661 1806 nicht
681 1771 790 1805 witk-

47 1818 165 1852 liches
199 1817 274 1852 Gut
311 1818 506 1860 beziehen,
546 1820 581 1863 ⁶2)
620 1817 699 1852 dass
739 1818 790 1852 sie

51 1864 115 1899 der
146 1865 364 1899 Herrsehaft
402 1865 467 1899 der
491 1864 676 1899 vernunst
714 1864 792 1899 sich

51 1910 246 1946 entziehen
289 1912 364 1946 und
407 1912 472 1946 das
519 1911 793 1956 naturgemasse

51 1957 144 1992 Mass
171 1958 461 1993 fibersehreiten.

100 2005 392 2049 adipiscendum,
420 2006 478 2039 ‘zu
505 2006 707 2040 ertreben’.
759 2005 792 2039 S.

53 2052 190 2094 11127,
219 2055 273 2088 66.

99 2079 278 2133 voluntas.
330 2098 430 2134 Stob.
475 2099 540 2135 ecl.
580 2099 612 2133 11
650 2111 685 2143 p
728 2102 794 2133 164

55 2142 226 2190 βούλησίς
254 2143 353 2180 ἐστιν
380 2143 531 2190 ευλογος
557 2144 686 2189 ὄρεξις.

103 2196 156 2226 13.
177 2203 255 2227 cum
275 2194 330 2227 ita
348 2204 538 2235 movemur,
558 2196 599 2227 ut
619 2195 699 2237 cet„
721 2191 779 2226 d.
770 2204 792 2226 1.

55 2250 135 2273 cum
155 2240 342 2283 praesenti
366 2241 457 2275 bono
481 2250 670 2274 movemur.

100 2287 242 2320 ratione
274 2307 316 2311 -—
350 2290 508 2321 movetur
540 2303 583 2315 =
617 2297 696 2321 eum
735 2297 795 2321 ra-

54 2333 150 2368 tione
169 2343 277 2376 mov„
296 2332 621 2377 vernunftgemuss.
671 2332 715 2367 de
735 2332 794 2368 off.

54 2379 69 2413 I
97 2384 128 2423 ⁶2,
156 2383 174 2414 7
204 2379 329 2415 Omnis
355 2391 445 2424 quae
477 2381 619 2414 ratione
643 2381 794 2424 suscipi-

54 2429 116 2460 tur
145 2427 186 2461 de
218 2428 344 2472 aliqua
376 2438 413 2462 re
445 2427 636 2461 institutio.
688 2427 794 2461 Tusc.

54 2473 104 2507 IV
130 2476 192 2516 38,
219 2478 263 2509 83
289 2475 350 2509 sed
379 2485 401 2508 a
434 2477 465 2508 te
495 2475 636 2509 ratione
661 2484 794 2518 propo-

54 2520 173 2554 situm

101 2567 295 2611 qaudc'um,
341 2565 454 2611 χαρά,
499 2567 532 2602 d
577 2567 599 2601 i.
646 2564 797 2623 εὔλογος

57 2610 220 2657 ἔπαρσις.
269 2615 323 2648 Im
351 2614 556 2658 Gegensatz
590 2626 633 2648 zu
665 2611 796 2658 ἡδονή,

56 2659 116 2694 die
136 2660 306 2695 definie1t
325 2661 416 2695 wird
443 2661 498 2696 als
525 2658 657 2716 ἄλογος
684 2660 795 2703 ἔπαρ-

56 2717 111 2746 σις
138 2704 364 2764 ἒφάαἷρετῷ
400 2707 577 2742 δοκοῦιτι
602 2704 796 2763 ὑπάρχειν.

103 2755 224 2789 cautzo
251 2771 294 2783 =
322 2745 518 2799 εὐλάβεια,
544 2754 576 2787 d.
592 2754 614 2788 i.
647 2751 798 2798 εὔλογος

57 2797 226 2840 ἔκκλισις.

106 2851 160 2882 14.
190 2848 398 2883 Praesentis
428 2848 517 2883 mali
549 2867 593 2873 —
623 2848 798 2892 sapi'entes

865 1631 1042 1675 quaedam
1092 1631 1144 1665 rel
1188 1631 1304 1665 animi
1352 1630 1405 1664 vel
1450 1631 1612 1672 corporis

864 1678 1047 1722 yrariorc's
1073 1678 1190 1722 operis
1210 1681 1241 1712 et
1260 1677 1430 1711 muneris.
1482 1676 1532 1710 IV
1555 1680 1609 1719 13,

865 1729 906 1758 31
925 1725 1041 1759 animi
1060 1725 1255 1758 multarum
1275 1735 1395 1758 rerum
1410 1725 1610 1768 percursio

913 1782 1030 1816 eaque.
1082 1771 1151 1806 Die
1178 1771 1287 1805 Hdss.
1315 1771 1439 1805 haben
1465 1781 1505 1805 ea
1525 1782 1612 1815 qua,

866 1818 953 1853 aber
979 1829 1020 1852 eu
1046 1819 1235 1863 aem-itudo
1261 1818 1360 1852 kann
1381 1829 1448 1852 nur
1470 1817 1529 1852 die
1544 1819 1612 1851 Art

867 1866 932 1899 der
946 1865 1228 1899 Bekfimmernis
1242 1865 1440 1899 bedeuten.
1479 1863 1612 1908 Einige

868 1912 1060 1947 schrieben
1105 1911 1260 1947 deshalb
1305 1911 1513 1956 aegritudo,
1570 1922 1611 1945 ea

868 1971 960 2003 qum·
986 1959 1073 1993 aber
1099 1959 1199 1993 diese
1214 1958 1469 2003 Verstarkung
1494 1957 1610 1992 durch

868 2007 933 2040 das
960 2005 1235 2040 Demonstrativ
1263 2005 1385 2039 erh'alt
1411 2005 1474 2040 das
1500 2004 1611 2039 Rela—

867 2053 921 2087 tiv
943 2065 1026 2095 nur,
1053 2063 1159 2087 wenn
1180 2063 1218 2087 es
1239 2052 1318 2087 sich
1339 2051 1527 2087 entweder
1548 2051 1613 2085 auf

867 2100 975 2134 einen
1014 2110 1154 2142 ganzen
1194 2099 1278 2133 Satz
1317 2099 1484 2141 bezieht,
1524 2099 1612 2133 oder

868 2146 933 2181 der
976 2146 1118 2190 Begriff
1159 2146 1262 2180 stark
1306 2145 1611 2190 hervorgehoben

867 2193 1015 2227 werden
1043 2193 1130 2227 soll:
1161 2192 1235 2227 ‘ich
1262 2192 1382 2227 meine
1409 2192 1498 2234 den,
1524 2192 1610 2226 wel-

870 2240 984 2274 cher’.

917 2287 1151 2329 adficiuntur.
1202 2285 1269 2320 Bei
1302 2286 1420 2320 einem
1452 2285 1612 2320 konkre-

869 2334 932 2367 ten
960 2333 1134 2378 Singular
1160 2335 1254 2367 setzt
1280 2332 1352 2367 Cic.
1381 2344 1477 2367 zwar
1508 2332 1613 2366 nieht

868 2381 904 2414 in
945 2380 1158 2415 demselben
1197 2379 1303 2414 Satze
1345 2380 1410 2414 das
1451 2379 1613 2413 Verbum

868 2427 919 2461 im
955 2427 1097 2470 Plural,
1136 2427 1226 2471 geht
1260 2427 1348 2461 aber
1385 2426 1541 2460 zumeis‘o
1575 2426 1612 2459 in

869 2474 953 2508 dem
978 2473 1178 2518 folgenden
1199 2473 1307 2508 Satze
1334 2473 1372 2507 in
1394 2473 1464 2507 den
1486 2472 1612 2506 Plural

868 2522 968 2556 fiber.
1021 2521 1055 2555 S.
1077 2525 1110 2565 3,
1135 2524 1154 2554 6
1180 2521 1375 2555 vmultitudo
1396 2541 1439 2544 —
1460 2520 1613 2554 contulit

869 2579 904 2602 se
938 2588 979 2593 —
1015 2568 1088 2602 sive
1121 2568 1216 2611 quod
1250 2567 1517 2602 invitabantur.
1568 2565 1614 2600 de

869 2615 988 2649 fin.11
1018 2618 1056 2658 1,
1091 2618 1107 2648 1
1149 2614 1224 2648 Hic
1261 2625 1338 2648 cum
1377 2617 1525 2657 uterque
1561 2623 1614 2646 me

870 2662 1090 2703 intueretur,
1127 2671 1266 2705 seseque
1303 2661 1352 2695 ad
1389 2660 1613 2694 audiendum

870 2708 1118 2752 siqnifiearent
1138 2711 1303 2751 paratos.
1355 2707 1456 2740 Verr.
1483 2705 1534 2738 IV
1556 2709 1612 2747 63,

873 2758 939 2789 140
977 2758 1017 2788 ut
1055 2755 1203 2798 quisque
1240 2755 1287 2788 ¹iis
1325 2754 1428 2788 rebus
1469 2752 1613 2786 tuendis

865 2802 1104 2846 praefuerat,
1147 2802 1200 2834 *ita
1238 2801 1481 2844 perserzptum
1524 2802 1613 2841 erat,

871 2859 949 2883 cum
975 2849 1151 2882 rationem
1177 2858 1193 2881 e
1220 2847 1290 2891 que
1317 2846 1510 2880 redderent.
