1811 3103
297 89 691 126 TUSCULANARUM
718 87 1114 123 DISPUTATIONUM
1141 87 1182 122 V.
1211 90 1359 122 63—60.

1539 85 1618 127 129

74 203 251 253 cusanis,
283 212 371 239 cum
404 211 489 238 esse
522 200 679 237 omnino
713 203 916 249 negarent,
954 203 1129 247 saeptum
1163 197 1334 247 undique
1367 203 1406 236 et
1439 198 1620 235 vestitum

76 259 262 312 vepribus
301 264 339 298 et
376 258 544 296 dumetis
587 257 761 308 indagavi
804 255 1065 307 sepulchrum.

1128 255 1325 293 Teneham
1364 257 1466 294 enim
1505 267 1618 306 quos-

77 319 165 358 dam
191 316 416 368 senariolos,
449 328 546 367 quos
572 317 611 354 in
638 317 722 354 eius
748 319 1000 353 monumento
1034 325 1119 351 esse
1145 315 1357 364 inscriptos
1382 326 1620 365 acceperam,

81 379 148 429 qui
179 375 428 416 declarabant
465 377 503 413 in
543 386 694 413 summo
733 372 939 424 sepulchro
977 371 1181 422 sphaeram
1215 383 1299 409 esse
1332 374 1497 422 positam
1529 385 1618 411 cum

75 435 262 488 cylindro.

326 434 406 485 Ego
439 440 580 484 autem,
613 444 702 471 cum
733 432 860 469 onmia
886 429 1169 468 conlustrarem
1200 430 1322 468 oculis
1350 452 1406 456 —
1431 437 1491 468 est
1517 443 1619 469 emm
1634 440 1677 470 6.)

75 494 123 534 ad
163 500 294 546 portas
333 493 611 544 Ag1agenti11as
650 501 785 540 magna
830 490 1049 539 frequentia
1087 487 1387 539 sepulchrorum
1424 510 1498 539 —‚
1541 491 1619 527 ani-

75 565 182 592 mum
215 552 363 591 adverti
395 549 636 589 columellam
668 560 745 586 non
779 547 944 586 multum
976 559 996 585 e
1030 547 1157 586 dumis
1191 548 1438 598 eminentem,
1473 548 1512 585 in
1546 560 1620 597 qua

74 613 201 650 inerat
239 610 425 662 sphaerae
464 609 585 659 figura
623 613 662 645 et
699 606 875 658 cylindri.

937 606 1061 656 Atque
1101 617 1171 656 ego
1204 607 1334 644 statim
1367 605 1620 656 Syracusanis

77 691 127 697 —-
163 675 274 709 erant
313 674 442 707 antem
480 667 676 717 principes
715 677 870 703 mecum
909 687 962 690 —
1002 664 1081 702 dixi
1122 676 1182 702 me
1221 663 1315 702 illud
1354 665 1482 715 ipsum
1520 663 1619 702 arbi-

74 730 171 768 trari
204 740 288 767 esse
322 726 424 778 quod
458 736 698 776 quaererem.

760 723 915 762 lnmissi
947 735 1036 761 cum
1068 722 1232 761 falcibus
1259 722 1371 761 multi
1403 729 1619 774 purgarunt

75 793 116 826 et
154 790 393 839 aperuerunt
430 784 569 822 locum.
632 783 717 828 Quo
756 794 846 821 cum
883 782 1100 833 patefactus
1139 787 1245 820 esset
1283 781 1428 832 aditus,
1471 781 1517 820 ad
1558 781 1619 820 ad-
1635 790 1677 821 66

75 857 225 884 versam
263 844 383 883 baSlss]
423 844 671 881 accessimus.

72 904 183 943 ribus
215 902 392 954 partibus
424 900 707 940 versiculorum
739 900 948 938 dimidiatis
981 900 1073 938 sere.

733 840 952 892 Adparebat
990 842 1226 892 epigramma
1265 841 1391 878 exesis
1430 842 1618 891 posterio-

1135 898 1190 937 Ita
1230 898 1470 937 nobilissima
1503 899 1618 938 Grae-

72 964 156 1001 ciae
189 963 342 1012 civitas,
380 960 573 1012 quondam
607 971 697 998 vero
730 960 846 997 etiam
885 958 1124 1008 doctissima,
1163 959 1224 996 sui
1256 959 1350 996 civis
1382 959 1498 996 unius
1531 969 1618 997 acu-

73 1022 215 1060 tissimi
246 1025 542 1059 monumentum
574 1020 804 1069 ignorasset,
830 1018 904 1056 nisi
936 1017 982 1055 ab
1014 1017 1170 1055 homine
1193 1017 1380 1068 *Arpinate
1408 1016 1618 1055 didicisset.

73 1079 151 1118 Sed
190 1078 325 1118 redeat
362 1077 464 1117 unde
504 1077 697 1116 aberravit
734 1077 869 1115 oratio.

933 1076 1028 1121 Quis
1068 1082 1129 1114 est
1166 1077 1358 1126 omnium,
1400 1077 1467 1126 qui
1505 1075 1619 1114 modo

70 1150 162 1177 cum
194 1137 332 1190 Musis,
373 1137 410 1176 id
444 1143 503 1175 est
541 1148 629 1175 cum
662 1135 900 1174 humanitate
939 1142 978 1173 et
1016 1147 1105 1173 cum
1144 1133 1339 1185 doctrina,
1378 1134 1517 1173 habeat
1555 1134 1619 1173 ali-

71 1196 175 1248 quod
214 1197 511 1247 commercium,
556 1196 623 1245 qui
660 1206 700 1233 se
740 1206 817 1232 non
856 1193 960 1232 hunc
997 1193 1315 1232 mathematicum
1359 1193 1466 1232 malit
1504 1205 1619 1244 quam

70 1255 179 1294 illum
212 1252 450 1306 tyrannum?
491 1254 532 1292 Si
564 1255 661 1291 vitae
695 1252 853 1291 modum
885 1253 1156 1302 actionemque
1190 1253 1426 1302 quaerimus,
1458 1251 1618 1291 alterius

71 1326 183 1353 mens
216 1312 432 1352 rationibus
464 1312 654 1364 agitandis
682 1311 1012 1362 exquirendisque
1043 1310 1218 1349 alebatur
1245 1323 1333 1349 cum
1360 1310 1617 1349 oblectatione

70 1372 285 1424 sollertiae,
324 1373 392 1423 qui
429 1377 488 1410 est
520 1383 623 1410 uuus
655 1372 909 1409 suavissimus
940 1376 1075 1422 pastus
1108 1371 1345 1421 animorum,
1387 1369 1548 1408 alterius
1580 1371 1618 1408 in

69 1533 200 1567 dessen
238 1532 465 1576 Hauptstadt
497 1530 692 1575 Lilybaum
723 1542 809 1565 war.

69 1579 176 1614 Nach
196 1578 369 1623 Syrakus,
396 1579 459 1613 das
486 1578 590 1612 nieht
614 1578 652 1612 in
672 1577 810 1613 seinem

70 1625 479 1671 Verwaltungsbezirke
519 1625 597 1670 lag,
636 1625 735 1660 kann
773 1636 811 1659 er

70 1685 138 1708 nur
164 1672 413 1718 gelegentlich
437 1672 659 1718 gekommen
685 1672 773 1706 sein.

116 1732 306 1776 sphaeram
330 1752 376 1757 —
401 1743 480 1766 eum
514 1732 690 1777 cylindro.
740 1730 808 1764 Ar-

69 1779 274 1821 chimedes,
310 1779 375 1813 der
400 1778 574 1813 wahl-end
605 1778 668 1812 des
701 1778 807 1812 zwei-

70 1826 136 1861 ten
160 1826 365 1870 punischen
391 1825 543 1871 Krieges
569 1825 680 1869 lebte,
706 1825 810 1859 hatte

69 1874 141 1908 den
169 1873 253 1908 Satz
285 1872 486 1917 gefunden,
522 1872 600 1907 dass
633 1872 712 1906 sich
746 1872 811 1906 der

69 1919 195 1955 Inhali:
219 1920 318 1954 eines
341 1919 550 1964 Cyfinders,
577 1919 676 1954 einer
695 1918 810 1953 Halb-

73 1965 188 2012 kugel
218 1967 293 2001 und
325 1966 424 2001 eines
451 1967 586 2011 Kegels
618 1977 689 2001 von
720 1966 811 2010 glei-

70 2014 161 2048 cher
196 2013 304 2048 Hohe
350 2014 425 2048 und
468 2013 632 2058 gleicher
670 2012 811 2047 Grund-

68 2060 188 2096 flaehe
213 2061 282 2095 wie
309 2064 329 2095 3
351 2074 359 2095 z
381 2064 400 2095 2
422 2058 470 2095 :'1
497 2060 672 2095 vei-halte.

118 2123 173 2155 65.
196 2119 478 2166 Aqrayeniinas,
498 2119 563 2154 das
582 2119 676 2154 nach
691 2115 811 2162 Ἀκροὲ-

69 2167 260 2248 ἒῗὲεὲῑῖῗ
271 2166 476 2248 ἑέῗὶζὲῗᾎ
495 2166 812 2248 &iginii-...Tae

73 2264 106 2304 9,
128 2263 183 2295 64.
215 2260 263 2294 ib.
293 2264 346 2304 15,
368 2263 421 2295 51.
465 2260 532 2295 Die
558 2260 665 2294 Hdss.
690 2241 814 2294 h'abed

73 2308 323 2352 Aqrayianas,
343 2318 419 2342 was
439 2306 519 2342 eine
537 2307 813 2342 nachweisbare

73 2354 163 2390 oder
172 2353 309 2399 richtig
319 2354 505 2399 gebildete
515 2354 624 2389 Form
636 2353 742 2389 nieht
754 2353 810 2389 ist.

121 2413 283 2448 animum
326 2413 408 2448 adv.
452 2413 689 2448 columellam:
738 2413 812 2458 vgl.

71 2459 125 2495 III
140 2464 196 2503 20,
211 2463 255 2495 48
270 2459 443 2494 Animum
458 2461 611 2495 advertit
629 2459 813 2495 Gracchus

71 2507 114 2542 in
151 2508 319 2543 concione
356 2506 530 2542 Pisonem.
592 2507 637 2542 de
674 2508 811 2542 invent.

71 2553 108 2588 II
134 2557 282 2598 51,153
312 2554 384 2589 duo
415 2555 563 2598 quidam
588 2573 633 2579 —
657 2555 812 2598 naufra-

69 2611 158 2646 9um
181 2601 358 2646 quendam
385 2621 426 2625 —
453 2604 636 2636 natantem
664 2622 706 2626 -
733 2602 812 2636 ani-

72 2659 170 2683 mum
194 2649 395 2684 advertunt.

121 2707 236 2742 multi.
267 2707 335 2741 Die
348 2707 596 2751 Erwahnung.
618 2705 697 2740 dass
717 2706 811 2741 viele

75 2754 170 2789 dazu
193 2753 300 2799 notig
325 2764 457 2796 waren,
483 2754 554 2788 den
575 2752 639 2787 Ort
664 2765 707 2787 zu
730 2755 811 2787 seiu-

73 2801 180 2845 bern,
215 2800 304 2836 lasst
333 2801 397 2836 das
424 2800 594 2835 Gebiisch
625 2800 678 2834 als
711 2799 813 2834 djcht

72 2847 149 2882 und
184 2847 285 2893 gross
322 2848 397 2882 und
433 2847 584 2883 deshalb
624 2846 719 2882 auch
753 2846 812 2882 die

134 2913 252 2947 Harum,
276 2913 335 2940 Cic.
360 2914 480 2940 Tuscul.
515 2914 539 2939 2.
554 2912 634 2938 Heft.

883 1530 1109 1574 Auffindung
1121 1530 1183 1564 des
1193 1529 1387 1564 Grabmals
1402 1530 1455 1564 als
1468 1529 1620 1565 schwie—

882 1577 940 1621 rig
965 1577 1187 1612 erseheinen.

931 1628 985 1659 66.
1012 1625 1197 1659 adversam
1223 1624 1348 1665 basim,
1375 1624 1433 1658 die
1460 1623 1619 1658 Vorder-

883 1670 974 1705 scite
1001 1671 1064 1706 des
1090 1670 1339 1716 Fussgestens.

929 1717 1121 1761 Graeciae,
1148 1717 1181 1751 d.
1209 1717 1231 1752 i.
1258 1729 1409 1762 maynae
1435 1717 1619 1752 Graeciae.

927 1766 1108 1809 quondam
1135 1785 1176 1790 —
1203 1765 1423 1806 doctissima,
1456 1764 1621 1798 nitmlich

882 1814 990 1847 unter
1027 1812 1090 1847 der
1127 1811 1338 1857 Regierung
1377 1812 1439 1846 des
1471 1812 1619 1855 Dionys,

883 1859 938 1894 als
974 1859 1058 1894 dort
1092 1859 1199 1904 eifrig
1229 1858 1463 1893 Platonische
1495 1859 1620 1894 Philo-

883 1906 1011 1950 sophie
1037 1906 1229 1950 gettieben
1253 1906 1388 1941 wurde.

929 1954 1069 1988 homine
1089 1954 1287 1997 Arpinate:
1313 1964 1351 1988 so
1370 1955 1534 1987 nannten
1546 1951 1620 1987 Cic.

883 2000 1095 2044 spottweise
1134 2000 1232 2034 seine
1265 1998 1427 2045 Gegner,
1465 2000 1549 2034 weil
1583 2010 1621 2034 er

882 2047 986 2081 nicht
1012 2059 1055 2081 zu
1081 2047 1152 2081 den
1176 2047 1214 2081 in
1231 2046 1324 2082 Rom
1351 2047 1621 2091 eingeborenen

883 2093 1065 2128 Familien
1090 2095 1253 2138 geho'rte.
1301 2093 1348 2128 ad
1368 2096 1443 2128 Att.
1464 2094 1480 2127 Ι
1502 2097 1555 2137 16,
1578 2096 1620 2128 10

885 2141 995 2186 Quid,
1020 2142 1151 2186 inquit,
1176 2142 1312 2176 homini
1337 2141 1516 2185 Arpinati
1541 2151 1619 2175 eum

884 2189 989 2233 aquis
1015 2189 1153 2224 calidis.

931 2246 966 2270 se
995 2236 1090 2270 hune
1120 2235 1406 2270 mathematicam
1436 2235 1557 2276 malit,
1593 2245 1619 2269 s.

885 2296 913 2317 Ζ.
942 2286 996 2326 19,
1024 2286 1068 2317 54
1093 2282 1214 2317 malles
1239 2285 1271 2316 te
1297 2282 1481 2316 consulem.

932 2329 1137 2365 rationibus
1162 2330 1348 2374 aqitandis
1379 2329 1623 2374 exquirendis-

884 2388 968 2422 que,
1010 2376 1049 2411 in
1094 2375 1471 2411 wissenschaftlichen
1508 2376 1622 2410 Uber-

884 2424 1070 2469 legungen
1094 2423 1169 2458 und
1190 2423 1460 2468 Forschungen.
1493 2422 1537 2457 de
1563 2423 1621 2457 fin

885 2470 935 2505 IV
962 2475 992 2514 7,
1023 2475 1064 2506 18
1091 2481 1133 2506 ex
1158 2481 1227 2515 quo
1252 2471 1359 2505 etiam
1383 2470 1538 2505 rationis
1564 2481 1622 2504 ea:-

884 2519 1078 2562 plicandae
1125 2518 1390 2562 disserendique
1441 2517 1623 2561 cupiditas

884 2565 1171 2610 consequebatur.
1199 2565 1244 2599 de
1259 2576 1308 2599 or.
1323 2564 1339 2597 Ι
1356 2568 1409 2607 14,
1425 2568 1469 2599 60
1489 2575 1620 2608 quaero

884 2623 971 2646 num
1015 2612 1196 2648 admoveri
1247 2613 1361 2656 possit
1408 2612 1524 2646 oratio
1573 2611 1622 2645 acl

883 2669 1004 2694 sensus
1041 2660 1244 2693 animorum
1280 2679 1323 2683 —
1357 2659 1434 2693 sine
1471 2658 1620 2701 diliqen-

883 2707 1023 2741 tissima
1051 2707 1352 2750 per-vestiqatione
1389 2716 1509 2740 earum
1548 2714 1620 2737 om·

883 2753 985 2787 nium
1027 2754 1224 2795 rationum,
1260 2763 1351 2796 qaae
1393 2753 1434 2786 de
1477 2751 1621 2785 naturis

883 2800 1035 2834 humani
1064 2800 1203 2844 generis
1233 2810 1276 2833 ac
1306 2799 1464 2833 moribus
1495 2809 1517 2832 a
1541 2797 1620 2842 phi-

884 2846 1039 2891 losophis
1064 2847 1303 2890 explicantur.

1317 2907 1335 2937 9
