1790 3103
324 113 719 149 TUSCULANARUM
744 113 1145 149 DISPUTATIONL‘M
1172 115 1231 149 IV.
1260 119 1408 151 62—65.
1584 116 1639 155 5⁴4⁷)

87 229 234 276 metus,
267 223 314 262 de
342 236 418 275 quo
444 236 571 274 pauca·
593 223 754 262 dicenda
782 229 883 261 sunt.
947 223 1017 261 Est
1049 225 1151 261 enim
1185 231 1328 276 metus,
1364 231 1404 263 ut
1437 226 1638 275 aegritudo

86 283 325 334 praesentis,
351 284 406 320 sic
434 282 496 320 illc
525 283 647 321 futuri
673 282 774 320 mali.
819 281 952 332 Itaque
981 293 1057 318 non
1086 281 1180 319 nulli
1207 283 1461 332 aegritudinis
1488 289 1639 334 partem

86 340 278 392 quandam
322 346 469 378 metum
508 353 594 379 esse
633 340 832 391 dicebant3
871 339 933 378 alii
972 345 1101 377 antem
1142 346 1289 377 metum
1327 342 1639 390 praemolestiam

85 399 348 451 appellabant,
381 399 484 449 quod
517 404 622 437 esset
653 401 764 449 quasi
797 398 873 436 dux
902 399 1181 448 consequentis
1213 398 1424 437 molestiae.
1488 400 1639 444 Quibus

84 459 205 508 igitur
232 457 449 495 rationibus
476 459 659 495 instantia
686 458 887 508 feruntur,
915 456 1062 494 eisdem
1089 462 1396 494 contemnuntur
1423 460 1638 507 sequentia.

83 515 179 554 Nam
207 515 416 553 videndum
449 522 508 554 est
541 518 578 554 in
613 516 811 566 utrisque,
844 527 891 552 ne
925 515 1018 565 quid
1051 514 1196 552 humile
1228 517 1493 567 summissum,
1525 516 1640 553 molle

83 575 378 625 ecfeminatum,
417 575 584 612 fractum
623 573 898 624 abiectumque
938 574 1134 611 faciamus.
1199 573 1274 611 Sed
1320 586 1554 624 quamquam
1593 574 1639 611 ‹le

82 634 207 684 ipsius
239 638 368 671 metus
400 633 678 684 inconstantia,
717 631 986 683 inbecillitate,
1024 631 1178 670 levitate
1221 632 1431 670 dicendum
1472 638 1548 683 est,
1586 638 1639 670 ta-

82 703 173 729 men
212 691 378 729 multum
410 690 571 742 prodest
604 703 665 742 ea,
703 702 802 741 quae
835 695 1084 742 metuuntur,
1125 692 1208 741 ipsa
1241 695 1505 729 contemnere.
1568 690 1639 728 Ita-

85 762 160 800 que
193 751 272 787 sive
307 761 399 787 casu
432 749 571 787 accidit
603 751 682 787 sive
716 749 896 800 consilio,
935 749 1211 800 percommode
1245 750 1390 787 factum
1423 755 1500 801 est,
1536 749 1639 799 quod

84 810 139 846 eis
178 807 224 846 de
267 807 403 859 rebus,
447 819 545 858 quae
586 809 749 845 maxime
788 812 1037 859 metuuntur,
1082 807 1128 845 de
1168 813 1294 845 morte
1333 813 1372 846 et
1410 808 1455 845 de
1495 807 1642 859 dolore,

81 867 208 917 primo
254 872 292 904 et
334 878 526 916 proxumo
571 866 632 904 die
677 866 919 917 disputatum
967 872 1036 904 est.
1100 866 1206 910 Quae
1256 867 1288 904 si
1330 865 1494 917 probata
1538 874 1641 917 sunt,

84 929 192 963 metu
224 936 362 974 magna
395 937 441 963 ex
474 931 583 975 parte
616 924 771 962 liberati
807 937 954 963 sumus.

198 983 251 1021 Ac
284 983 331 1021 de
365 983 555 1021 malorum
588 985 771 1034 opinione
804 983 1012 1021 hactenus:
1046 982 1246 1021 videamus
1288 996 1391 1021 nunc
1433 983 1480 1021 de
1518 968 1709 1051 110110-ἓό1

83 1053 188 1092 rum,
221 1041 260 1079 id
292 1047 352 1080 est
384 1042 431 1080 (16
464 1041 607 1080 laetitia
641 1048 678 1080 et
711 1041 757 1080 de
791 1042 1015 1093 cupiditate.
1078 1041 1171 1080 Mihi
1205 1042 1363 1093 quidem
1396 1043 1435 1079 in
1469 1047 1547 1080 tota
1581 1054 1638 1079 ra-

81 1101 188 1138 tione
222 1112 284 1151 ea,
324 1112 422 1150 quae
455 1102 627 1151 pertinet
659 1100 704 1138 ad
737 1102 855 1138 animi
886 1100 1242 1152 perturbationem,
1280 1113 1356 1139 una
1389 1113 1452 1139 res
1486 1100 1640 1139 videtur

82 1170 239 1197 causam
272 1160 492 1210 continere,
531 1171 667 1197 omnes
700 1171 764 1197 eas
801 1171 887 1197 esse
921 1161 959 1197 in
993 1164 1125 1197 nostra
1157 1164 1368 1211 potestate,
1407 1171 1544 1197 omnes
1582 1160 1638 1197 iu-

82 1217 184 1255 dicio
212 1223 432 1269 susceptas,
465 1229 600 1256 omnes
628 1217 877 1256 voluntarias.
928 1217 1000 1255 Hic
1027 1219 1147 1268 igitur
1174 1229 1287 1255 error
1313 1224 1373 1255 est
1400 1217 1638 1268 eripiendus,

81 1275 177 1314 haec
210 1275 449 1314 detrahenda
482 1277 612 1326 opinio
646 1282 781 1327 atque,
819 1282 863 1314 ut
894 1277 933 1313 in
967 1275 1077 1314 malis
1110 1278 1278 1327 opinatis
1310 1275 1544 1328 tolerabilia,
1582 1278 1638 1314 sic

79 1335 120 1372 in
164 1333 277 1372 bonis
322 1334 515 1372 sedatiora
554 1340 646 1373 sunt
685 1334 889 1372 efficienda
934 1347 997 1387 ea,
1041 1347 1140 1385 quae
1184 1347 1322 1385 magna
1366 1340 1405 1373 et
1447 1334 1641 1373 laetabilia

79 1392 290 1431 ducuntur.

128 1504 220 1549 Kap.
248 1505 311 1540 30.

82 1555 128 1586 40
165 1552 324 1596 reliquae
358 1553 451 1587 cluae
481 1555 628 1596 partes,
665 1557 706 1587 ut
740 1554 826 1588 illae

82 1599 283 1643 superiores
309 1619 354 1623 —
379 1600 567 1643 ferantur,
592 1601 644 1634 sic
669 1600 735 1634 hae
755 1602 824 1634 cet.

130 1646 374 1690 aeyritudirzis
387 1650 540 1690 partem.
575 1646 686 1681 Diese
707 1647 824 1681 schei—

81 1703 154 1728 nen
180 1693 259 1727 also
292 1704 360 1726 nur
386 1693 477 1727 zwei
502 1693 735 1738 Hauptarten
762 1694 826 1727 der

79 1739 389 1774 Leidenschaften
409 1751 681 1784 angenommen
702 1752 745 1774 zu
758 1740 822 1774 ha-

80 1787 172 1830 ben,
198 1786 258 1821 die
284 1786 740 1831 Niedergesehlagenheit,
767 1799 823 1822 ae-

78 1834 243 1878 yritudo,
275 1833 350 1867 und.
383 1833 442 1868 die
475 1833 677 1878 Eri-egung.
730 1834 825 1868 Wen

82 1879 156 1915 Cic.
182 1880 233 1914 im
255 1880 365 1915 Sinne
392 1881 475 1925 hat,
501 1880 590 1915 lasst
615 1881 694 1915 sich
720 1881 825 1916 nicht

82 1938 206 1972 sagen.

122 1974 397 2018 praemolestia,
424 1973 483 2008 6111
509 1985 583 2009 von
609 1973 681 2010 Cic.
709 1974 825 2009 selbst

83 2020 288 2066 gebildetes
314 2021 439 2063 Wodz,
473 2020 537 2055 das
562 2021 666 2055 nicht
690 2021 729 2055 in
755 2021 824 2056 Ge-

80 2067 221 2102 brauch
250 2067 472 2112 gekommen
504 2068 562 2102 ist.
611 2067 719 2102 Plato
746 2079 822 2113 rep.

78 2114 130 2148 IX
145 2117 244 2149 5840
264 2116 348 2158 sagt
366 2112 620 2159 προησθήσεις
639 2115 713 2150 und
734 2128 822 2159 προ-

81 2159 267 2205 λυπήσεις.

129 2209 226 2249 cluss,
253 2207 314 2242 die
340 2207 586 2243 Vorlauferin.

127 2255 328 2299 sequentia,
354 2255 388 2290 d.
415 2255 438 2288 i.
464 2255 605 2297 futura.
655 2256 707 2289 ΙΙΙ
733 2258 751 2296 ξ
778 2260 822 2290 33

77 2302 361 2346 praeteritarum
386 2302 556 2336 memoria
587 2305 619 2336 et
649 2313 710 2346 spe
741 2313 822 2337 con-

82 2349 315 2393 sequentium.

128 2396 202 2430 sive
221 2405 308 2430 casu
327 2395 461 2430 accidit
479 2395 551 2430 sive
570 2396 718 2430 consilio
726 2409 739 2437 ,·
765 2395 824 2429 ein

82 2442 263 2487 Zeugma,
298 2442 395 2476 denn
429 2453 473 2475 zu
504 2443 654 2477 consilio
685 2442 733 2477 ist
758 2454 822 2477 aus

83 2489 166 2524 dem
193 2488 533 2533 Vorhergehenden
564 2501 608 2523 zu
641 2493 821 2534 erganzen

83 2537 221 2579 factum
245 2539 313 2578 est,
340 2535 429 2570 oder
448 2537 579 2578 evenit,
605 2537 654 2570 da
677 2537 822 2579 accidit,

82 2583 148 2618 das
192 2582 324 2616 immet
367 2582 434 2616 auf
474 2584 587 2617 etwas
620 2582 821 2628 Zufi'tlliges

84 2629 171 2664 oder
195 2629 470 2664 Unerwartetes
497 2630 604 2673 geht,
636 2641 679 2664 zu
705 2632 821 2665 coust-

82 2676 132 2711 lio
163 2675 268 2711 nicht
299 2687 434 2720 passen
465 2676 602 2711 wiirde.

83 2720 286 2758 Gedankeh
309 2723 384 2768 vgl.
411 2723 506 2758 Einl.
533 2726 552 2764 ξ
580 2727 633 2758 10.

124 2771 246 2814 primo
271 2773 303 2804 et
322 2770 492 2814 proximo
517 2770 593 2812 clie,
625 2770 677 2804 im
703 2772 824 2805 ersten

82 2817 157 2851 und
182 2816 337 2851 zweiten
362 2816 497 2852 Buche.

131 2862 224 2908 Kap.
243 2862 307 2897 31.
347 2866 402 2898 65.
418 2864 742 2908 perturbationem,
763 2863 822 2898 die

364 1509 417 1539 64.
445 1507 496 1540 sic
521 1506 601 1547 ille,·
627 1506 700 1550 vgl.
728 1506 742 1539 I
769 1510 824 1548 17,

652 2677 727 2711 Far
752 2677 823 2711 den

353 1392 478 1444 Atque
511 1393 586 1431 hoc
619 1393 776 1443 quidem
804 1405 1011 1432 commune
1042 1393 1233 1432 malorum
1267 1400 1305 1432 et
1337 1393 1549 1445 bonorum,
1582 1401 1637 1444 ut,

898 1506 1159 1540 Leidenschaft
1184 1506 1235 1540 im
1262 1506 1526 1551 allgemeinen;
1558 1506 1640 1541 dar-

898 1553 962 1587 auf
984 1553 1133 1587 bezieht
1153 1553 1231 1587 sich
1251 1554 1317 1587 der
1336 1554 1462 1587 Plural
1482 1565 1552 1596 eas,
1580 1553 1639 1588 die

899 1599 1087 1634 einzelnen
1114 1601 1230 1635 Arten
1267 1600 1333 1635 der
1366 1599 1638 1635 Leidenschaft.

898 1647 943 1680 de
970 1647 1029 1680 fin.
1062 1646 1095 1680 V
1134 1651 1195 1690 23,
1234 1651 1276 1681 66
1316 1648 1462 1691 quaudo
1499 1648 1642 1692 quidem

898 1694 1082 1728 honestum
1118 1697 1183 1728 aut
1216 1695 1299 1738 ipsa
1332 1695 1450 1728 virtus
1487 1698 1537 1729 est
1577 1698 1642 1729 aut

898 1751 967 1775 res
991 1744 1114 1785 qesta
1134 1741 1283 1784 virtute,
1305 1741 1435 1785 quibus
1452 1742 1558 1776 rebus
1571 1743 1640 1777 eet.

899 1787 1041 1832 dffileg.
1069 1787 1085 1821 Ι
1115 1791 1174 1830 14,
1201 1791 1246 1822 40
1278 1798 1378 1822 uerno
1410 1791 1483 1822 tam
1515 1788 1642 1823 audam

897 1846 1068 1878 umquam
1093 1835 1189 1877 fuit,
1212 1836 1302 1879 quin
1324 1856 1367 1859 —
1388 1836 1641 1878 defensioue-m-

897 1892 964 1925 que
989 1882 1168 1924 facinoris
1194 1893 1217 1916 a
1242 1885 1398 1917 naturae
1432 1883 1531 1917 iure
1556 1883 1641 1916 ali-

897 1939 978 1973 quo
1003 1933 1195 1972 quaereret.
1250 1929 1370 1973 Quae
1399 1930 1434 1964 si
1459 1929 1643 1973 appellare

898 1976 1034 2010 audent
1058 1976 1214 2019 improbi
1232 1996 1286 2009 —.

945 2022 1020 2056 Hie
1057 2023 1173 2067 iyitur
1207 2033 1318 2057 error.
1369 2023 1456 2056 Man
1480 2022 1640 2057 beachte

898 2068 957 2102 die
989 2068 1293 2113 Nachl‘ztssigkeit:
1324 2069 1363 2103 in
1387 2069 1460 2114 gder
1485 2069 1642 2104 Verbin-

898 2116 1015 2161 dung,
1049 2116 1098 2151 da.
1121 2117 1180 2151 hic
1213 2127 1314 2150 error
1350 2116 1467 2159 steht,
1503 2116 1558 2150 als
1595 2117 1641 2151 ob

898 2162 957 2196 die
1002 2164 1354 2207 entgegengesetzte
1393 2162 1642 2208 Behauptung

898 2220 1159 2253 vorausgmge.

946 2257 1168 2298 tolerabilia,
1188 2256 1352 2290 niimlich
1372 2267 1464 2301 quae
1483 2257 1641 2301 luyenda

900 2307 932 2337 et
956 2314 1030 2337 uon
1054 2303 1205 2346 ferenda
1229 2304 1409 2338 videntur.

944 2350 1128 2384 sedatiora
1153 2351 1362 2393 efficienda,
1397 2350 1467 2384 ‘als
1499 2350 1641 2395 gleich-

896 2397 1060 2440 giiltiger
1108 2397 1382 2433 darzustellen'.
1451 2396 1526 2431 Das
1571 2397 1642 2431 den

897 2443 1081 2488 geistigen
1101 2443 1263 2478 Zustand
1282 2443 1554 2478 bezeichnende
1568 2443 1641 2477 Ad-

895 2490 1018 2535 jektiv
1043 2490 1136 2525 wird
1168 2491 1235 2525 auf
1269 2491 1328 2525 die
1369 2491 1486 2525 Saehe
1525 2491 1641 2525 selbst

896 2538 1137 2582 fibertragen‚
1173 2537 1232 2571 die
1269 2537 1340 2572 den
1367 2538 1529 2571 Zustand
1559 2538 1640 2571 her-

897 2584 1057 2627 vorruft,
1090 2584 1160 2618 wie
1189 2584 1285 2619 auch
1311 2585 1535 2628 tranquillus
1567 2595 1640 2619 von

899 2631 964 2665 der
990 2631 1331 2675 Gemiitstimmung
1356 2631 1431 2665 und
1457 2631 1527 2665 den
1552 2631 1640 2664 Din-

897 2689 968 2722 gen
994 2679 1129 2723 gesagt
1154 2677 1256 2712 wird.

944 2725 1063 2769 Atque
1082 2725 1148 2759 hoe
1172 2726 1334 2769 quidem‚·
1360 2724 1450 2767 dies,
1476 2723 1640 2757 nttmlieh

898 2771 977 2805 dass
1002 2783 1089 2807 man
1115 2771 1179 2806 das
1202 2772 1261 2806 fiir
1286 2769 1538 2814 unertrfiglich
1562 2769 1640 2814 gei-

896 2818 1008 2852 tende
1057 2819 1112 2853 als
1170 2817 1387 2861 ertrttglieh‚
1444 2816 1519 2850 und
1574 2816 1640 2850 das

896 2864 954 2898 fiir
992 2864 1287 2899 allzuerfreulieh
1323 2862 1552 2908 angesehene
1586 2863 1641 2898 als
