1811 3103
81 1062 132 1104 18

159 64 241 105 122

674 65 724 100 Μ.
751 65 913 100 TULLII
942 64 1195 101 CICERONIS

366 176 400 213 Α
432 177 512 214 sole
545 177 753 215 exoriente
783 188 909 225 supra
944 177 1116 215 Maeotis
1143 177 1315 225 paludes

483 245 597 273 nemo
629 240 688 273 est
718 237 788 283 qm?
813 234 939 283 factis
971 247 1032 273 me
1063 236 1335 283 aequiperare
1367 240 1498 283 queat.

94 312 140 343 50
155 304 267 349 Quod
300 305 333 342 si
366 310 440 352 est,
472 303 584 343 beata
615 306 693 344 vita
719 305 918 356 glorianda
946 311 985 343 et
1011 304 1270 355 praedicanda
1297 310 1336 343 et
1362 317 1456 355 prae
1483 317 1524 343 se
1552 305 1712 344 ferenda

154 369 231 414 est3
263 362 359 401 nihil
393 370 452 402 est
484 365 588 402 enim
620 363 724 402 aliud
758 364 861 415 quod
895 362 1201 415 praedicandum
1232 369 1272 402 et
1303 375 1396 414 prae
1429 375 1471 402 se
1502 363 1712 403 ferendum

153 422 214 460 sit.
278 420 430 467 Quibus
462 423 600 473 positis
633 422 828 473 intellegis
861 422 954 473 quid
988 428 1187 473 sequatur.

270 479 319 518 Et
352 481 526 532 quidem,
570 482 646 519 nisi
678 493 721 519 ea
753 483 830 519 vita
862 481 974 520 beata
1012 487 1088 532 est,
1129 493 1227 531 quae
1266 486 1327 519 est
1365 480 1500 519 eadem
1536 480 1712 532 honesta,

152 540 203 577 sit
234 538 337 577 aliud
371 551 533 578 necesse
566 545 626 578 est
658 539 798 578 melius
825 541 901 578 vita
933 539 1056 578 beata.

1119 539 1232 584 Quod
1259 540 1334 577 erit
1360 540 1464 577 enim
1489 538 1711 589 honestum,

151 603 259 636 certe
293 597 521 636 fatebuntur
553 609 640 636 esse
674 598 830 636 melius:
873 600 926 636 ita
971 599 1048 636 erit
1091 597 1203 636 beata
1247 599 1325 636 vita
1369 597 1509 636 melius
1553 597 1711 649 aliquid,

150 667 228 705 quo
262 655 354 705 quid
387 662 518 706 potest
550 656 627 695 dici
669 654 923 707 perversius?
986 654 1118 702 Quid?
1160 668 1250 695 cum
1289 656 1463 695 fatentur
1500 657 1594 694 satis
1632 668 1711 694 ma-

150 725 265 763 gnam
298 715 374 752 vim
414 727 500 753 esse
538 716 579 753 in
618 716 722 754 vitiis
761 714 806 753 ad
845 717 1029 754 miseram
1068 717 1206 766 vitam,
1245 726 1375 753 nonne
1413 714 1615 753 fatendum
1653 721 1712 754 est

151 771 313 810 eandem
341 773 417 811 vim
449 774 489 811 in
514 775 658 812 virtute
692 785 778 812 esse
811 774 858 812 ad
890 773 1043 812 beatam
1069 771 1215 813 vitam?
1277 773 1574 812 Contrariorum
1606 774 1711 812 enim

89 838 133 868 51
151 832 346 869 contraria
379 838 472 870 sunt
504 834 797 883 consequentia.

861 832 945 877 Quo
979 832 1064 871 loco
1098 844 1262 883 quaem,
1302 844 1418 883 quam
1456 833 1533 870 vim
1571 831 1711 871 habeat

148 888 247 927 libra
280 889 343 928 illa
376 889 552 941 Critolai,
585 892 653 941 qui
686 903 774 929 cum
808 892 848 928 in
881 891 1043 929 alteram
1074 891 1225 929 lancem
1251 892 1369 929 animi
1400 890 1502 929 bona
1533 892 1707 942 inponat,

148 949 187 985 in
232 947 394 986 alteram
433 950 611 999 corporis
656 954 695 987 et
739 954 918 1000 externa,
961 955 1113 988 tantum
1157 949 1404 1000 propendere
1449 949 1552 987 illam
1598 948 1710 998 [boni

150 1005 320 1055 lancem]
353 1012 482 1059 putet,
515 1013 559 1046 ut
593 1013 739 1046 terram
773 1013 812 1045 et
845 1008 965 1046 maria
998 1007 1201 1058 deprimat.

268 1064 369 1110 Quid
413 1078 505 1116 ergo
547 1072 613 1104 aut
653 1065 757 1104 hunc
800 1065 984 1117 prohibet
1031 1072 1098 1105 aut
1140 1067 1256 1104 etiam
1298 1065 1559 1105 Xenocratem
1600 1065 1710 1104 illum

147 1124 420 1173 gravissimum
465 1124 807 1176 philosophorum,
852 1131 1152 1176 exaggerantem
1197 1130 1304 1163 tanto
1350 1137 1469 1176 opere
1510 1126 1708 1176 virtutem,

147 1187 423 1221 extenuantem
458 1189 588 1221 cetera
627 1189 665 1222 et
704 1183 958 1235 abicientem,
1003 1185 1043 1222 in
1085 1185 1230 1222 virtute
1275 1195 1354 1222 non
1398 1183 1550 1222 beatam
1594 1182 1709 1222 modo

147 1241 281 1293 vitam,
313 1241 381 1279 sed
414 1243 531 1280 etiam
564 1241 828 1282 beatissimam
854 1240 1034 1293 ponere?
1096 1242 1209 1288 Quod
1242 1242 1401 1293 quidem
1434 1243 1510 1281 nisi
1541 1242 1602 1294 fit,
1633 1243 1709 1280 vir-

144 1365 334 1400 ascendere
352 1366 522 1410 cuiquam
543 1370 605 1409 est,
632 1367 692 1401 Ma·
711 1367 780 1402 soli
798 1367 889 1403 caeli

143 1412 306 1446 maxima
324 1416 438 1456 porta
457 1416 569 1457 patet.

191 1469 323 1503 supra,
339 1471 382 1493 zu
398 1460 599 1495 verbinden
614 1460 683 1494 mit
696 1462 888 1504 emoriente,

143 1504 204 1540 die
244 1506 340 1541 noch
374 1506 528 1550 jenseits
566 1507 630 1542 des
657 1507 889 1543 Meotischen

144 1551 232 1587 Sees
259 1553 427 1597 aufgeht.

192 1600 370 1635 Maeotis.-
396 1601 470 1635 Der
490 1600 649 1636 Genetiv
675 1601 743 1636 auf
763 1602 797 1637 is
816 1613 887 1637 von

142 1646 279 1691 griech.
307 1647 484 1682 VVortern
515 1647 582 1682 auf
603 1662 636 1688 ις
662 1669 705 1674 -
733 1650 812 1689 ιδος
837 1649 887 1684 ist

142 1693 372 1728 namentlich
397 1694 457 1729 bei
483 1694 662 1730 Dichtern
695 1696 771 1730 und
803 1700 886 1740 spa-

142 1741 224 1774 tern
249 1740 471 1776 Prosaikem
495 1742 599 1777 nicht
631 1743 766 1784 selben,
798 1744 887 1778 aber

141 1788 238 1822 auch
274 1788 347 1822 Cic.
383 1789 429 1823 de
463 1788 536 1832 leg.
571 1800 648 1834 agr.
684 1790 718 1824 Π
752 1794 815 1834 19,
841 1795 884 1825 52

141 1836 227 1879 sagi:
248 1835 404 1870 Maeote.
419 1856 463 1861 —
478 1836 568 1871 Hier
592 1837 641 1871 ist
665 1837 704 1871 in
726 1837 886 1872 Maeotis

140 1880 207 1915 das
233 1892 250 1916 s
274 1882 335 1916 fiir
360 1882 432 1917 den
452 1883 544 1917 Vers
570 1882 674 1918 nicht
698 1884 883 1920 beachtess.

139 1938 192 1962 me
216 1928 310 1962 fehlt
336 1929 373 1962 in
395 1929 465 1964 den
489 1930 612 1973 Hdss.‚
639 1931 687 1965 ist
712 1930 801 1965 aber
826 1931 885 1965 fiir

139 1975 212 2009 den
239 1975 443 2010 Gedanken
468 1976 574 2011 nicht:
599 1989 642 2011 zu
669 1977 882 2014 entbehren.

188 2025 243 2056 50.
271 2022 324 2056 Et
348 2024 491 2067 quidem
516 2023 620 2058 ftihrt
639 2024 745 2059 einen
764 2036 884 2059 neuen

138 2067 282 2103 Beweis
309 2069 368 2104 ein
400 2072 440 2113 (s.
471 2069 628 2114 Seyffert
655 2070 776 2106 Schol.
803 2072 883 2107 Lat.

138 2115 154 2148 I
179 2127 213 2160 p.
243 2117 320 2160 61),
356 2117 431 2151 und
466 2128 563 2151 zwar
589 2117 789 2153 denselben
814 2118 882 2152 Be-

138 2163 244 2206 weis,
279 2163 350 2197 mit
384 2163 467 2198 dem
503 2164 568 2199 der
602 2164 749 2200 Stoiker
775 2165 821 2200 de
847 2165 881 2201 d.

137 2211 213 2245 nat.
241 2209 275 2243 ΙΙ
295 2214 328 2252 8,
349 2213 391 2245 21
420 2211 481 2246 die
496 2211 801 2256 Vernfinftigkeit
821 2212 884 2247 der

138 2256 241 2290 Welt
259 2257 424 2292 beweist.
471 2258 574 2303 Quod
592 2260 735 2294 ratione
753 2260 884 2302 utitur,

137 2303 178 2337 id
203 2304 329 2338 melius
354 2308 403 2338 est
428 2316 537 2349 quam
562 2306 602 2340 id
627 2307 723 2350 quod
742 2307 884 2342 ratione

136 2360 211 2384 non
253 2351 383 2386 utitur.
433 2352 542 2386 Nihil
585 2357 703 2388 autem
747 2354 883 2388 mundo

135 2397 273 2432 melius.
336 2397 496 2433 Ratione
553 2399 669 2443 iyt'tur
725 2401 884 2436 mundus

137 2445 267 2480 utitur.

187 2490 311 2536 Quid?
338 2502 418 2526 cum
443 2493 607 2534 fatentur
641 2493 711 2527 cet.
761 2493 808 2528 Es
835 2495 885 2529 ist

136 2537 196 2572 ein
222 2549 295 2573 von
320 2538 392 2573 den
419 2539 592 2574 Stoikern
618 2539 744 2584 haufig
771 2551 883 2585 ange-

136 2584 305 2619 wandter
330 2585 490 2629 Beweis‚
526 2586 606 2621 dass
633 2588 880 2632 entgegenge-

137 2632 254 2666 setzte
280 2631 401 2676 Dinge
430 2636 778 2679 entgegengesetzte
799 2634 881 2669 Fol-

136 2688 209 2722 gen
234 2679 367 2714 haben.

184 2729 239 2761 51.
266 2738 373 2770 quam
398 2727 471 2761 vim
495 2727 643 2762 habeat:
681 2727 757 2773 vgl.
783 2728 799 2762 I
826 2731 882 2772 22,

136 2775 180 2806 52
195 2773 289 2807 hane
308 2773 412 2808 habet
430 2775 503 2808 vim
521 2779 753 2819 praeceptum
770 2775 882 2819 Apol-

135 2818 233 2855 linis.
268 2820 342 2855 Der
363 2820 452 2854 Sinn
472 2821 536 2856 ist:
562 2821 750 2858 Kritolaus
772 2822 881 2857 sollte

962 1367 1074 1410 doch,
1111 1367 1158 1401 da
1194 1378 1232 1401 er
1267 1366 1337 1401 den
1371 1366 1542 1401 ausseren
1567 1366 1708 1402 Giitern

961 1425 1030 1449 nur
1056 1425 1096 1449 so
1122 1414 1245 1458 wenig
1270 1413 1378 1448 Wert
1403 1413 1562 1458 beilegt,
1589 1413 1706 1448 lieber

961 1461 1085 1506 gleich
1112 1461 1300 1504 9111131911,
1339 1459 1420 1494 dass
1458 1461 1517 1495 die
1551 1460 1708 1505 Tugend

961 1508 1075 1542 allein
1109 1508 1174 1542 das
1207 1508 1334 1542 Leben
1367 1507 1485 1552 vollig
1517 1507 1707 1552 gliicklich

961 1555 1118 1590 macheu
1144 1555 1276 1589 konne.
1321 1554 1523 1598 Kritolaus,
1549 1554 1614 1589 der
1638 1555 1705 1589 Pe-

961 1601 1194 1645 ripatetiker‚
1220 1613 1296 1636 war
1322 1601 1377 1635 als
1398 1601 1529 1636 dritter
1554 1601 1616 1636 bei
1642 1601 1706 1636 der

959 1649 1010 1682 IV
1030 1653 1063 1692 3,
1089 1653 1109 1683 5
1137 1648 1355 1683 erw‘ahnten
1381 1647 1705 1684 Gesandtschafts-

960 1707 1064 1730 relse.

1007 1747 1140 1778 terram
1161 1746 1192 1777 et
1211 1743 1333 1778 maria
1353 1743 1552 1787 deprimat:
1577 1742 1624 1777 de
1643 1742 1704 1777 fin.

959 1789 992 1823 V
1018 1794 1081 1834 30,
1115 1794 1157 1824 92
1194 1790 1364 1832 Terram,
1394 1790 1485 1824 mihi
1514 1790 1633 1831 erede,
1664 1800 1704 1824 ea

959 1837 1050 1872 laum
1077 1840 1108 1872 et
1132 1838 1253 1872 maria
1285 1837 1469 1880 deprimet.
1514 1836 1703 1871 Kritolaus

960 1884 1076 1918 selbst
1119 1884 1264 1919 scheint
1302 1884 1382 1918 sich
1420 1883 1539 1919 dieses
1576 1883 1703 1918 Bildes

957 1943 1022 1965 zur
1047 1931 1308 1975 Bezeichnung
1333 1930 1396 1965 des
1423 1931 1610 1966 starksten
1636 1929 1707 1965 Ge-

957 1978 1209 2022 gengewichts
1236 1977 1388 2013 bedient
1413 1990 1457 2012 zu
1482 1977 1613 2013 haben.

1004 2025 1096 2069 Kap.
1137 2024 1199 2059 18.
1253 2025 1509 2067 Xenocratem,
1553 2037 1578 2060 s.
1617 2037 1646 2058 z.
1688 2025 1705 2059 Ι

959 2075 1014 2115 10,
1035 2075 1091 2106 20.
1123 2071 1267 2116 Wegen
1288 2071 1409 2106 seiner
1429 2071 1701 2116 Sittenstrenge

957 2119 1066 2152 stand
1093 2129 1131 2152 er
1157 2118 1196 2152 in
1220 2119 1345 2152 Athen
1369 2118 1408 2152 in
1435 2118 1600 2154 solchem
1626 2117 1699 2153 An·

957 2165 1088 2208 sehen,
1125 2164 1205 2200 dass
1238 2165 1379 2199 seinem
1412 2165 1570 2210 Zeugnis
1604 2165 1700 2200 auch

959 2212 1054 2247 ohne
1081 2212 1151 2246 Eid
1177 2212 1358 2257 geglaubt
1383 2212 1520 2247 wurde.

1004 2260 1080 2293 nisi
1110 2260 1151 2302 fit
1185 2280 1228 2284 —
1264 2263 1507 2304 consequetur.
1557 2259 1703 2294 Abwei-

958 2306 1127 2350 chungen
1159 2317 1233 2341 von
1266 2306 1330 2340 der
1360 2306 1497 2351 Regel‚
1539 2306 1619 2342 dass
1653 2305 1707 2340 im

956 2353 1244 2388 kondicionalen
1270 2352 1502 2388 Nebensatze
1539 2353 1604 2388 das
1630 2353 1703 2388 Fu-

957 2401 1019 2434 tur
1045 2400 1162 2444 steht,
1188 2411 1294 2435 wenn
1320 2401 1372 2434 im
1397 2401 1604 2445 Hauptsatz
1640 2400 1706 2435 das

956 2447 1074 2481 Futur
1110 2447 1226 2489 steht,
1263 2447 1388 2482 finden
1414 2447 1492 2481 sich
1518 2448 1615 2482 auch
1641 2447 1702 2482 bei

958 2492 1032 2528 Cic.
1078 2494 1307 2529 namentlich
1357 2494 1395 2529 in
1439 2494 1512 2529 den
1554 2493 1704 2529 Briefen

956 2540 1062 2575 nicht
1088 2541 1238 2576 seiten..
1268 2541 1315 2576 ad
1344 2541 1387 2583 Q.
1414 2541 1493 2576 fr.I
1522 2546 1553 2583 1,
1582 2545 1636 2585 11,
1657 2545 1700 2576 32

955 2588 1086 2632 quibus
1119 2589 1152 2622 si
1182 2588 1435 2630 adversamur,
1473 2589 1635 2623 ordinem
1660 2609 1704 2614 -—

944 2642 979 2668 ta
999 2645 1038 2669 re
1051 2635 1204 2679 publica
1223 2636 1494 2679 disiunyemus‚·
1511 2636 1704 2670 sinautem

956 2691 1159 2725 sequemur,
1203 2702 1246 2707 —
1290 2683 1483 2726 patiemur.
1535 2682 1583 2717 ad
1628 2683 1705 2718 Att.

957 2727 1010 2761 111
1034 2732 1087 2771 13,
1115 2732 1134 2762 2
1161 2740 1262 2773 quem
1288 2739 1349 2773 eqo
1374 2730 1483 2763 miser
1506 2730 1540 2764 si
1563 2729 1702 2764 ineolu-

956 2786 1044 2809 mem
1063 2776 1248 2820 reltnquo,
1273 2786 1347 2810 non
1366 2787 1419 2810 me
1441 2779 1553 2810 totum
1566 2777 1704 2820 perisse

957 2822 1175 2857 arbitrabor.
1228 2822 1275 2857 ad
1301 2822 1388 2857 fam.
1416 2822 1501 2857 XIV
1526 2826 1547 2857 2
1573 2824 1711 2868 quodsi
