1817 3103
195 424 213 453 2

0 694 184 990 ,1

0 1009 24 1047 ι»
75 1002 118 1070 Q,

41 1115 54 1186 J
95 1140 132 1306 ξ»
192 1146 211 1175 3

77 1266 168 1453 N?

52 1374 95 1434 ,Χπ
125 1376 137 1401 N

114 1472 133 1502 ῃ

225 71 253 110 4
746 69 794 106 M.
820 70 981 105 TULLII
1007 69 1261 106 CICERONIS

227 193 297 220 nec
332 187 409 219 tam
441 181 544 220 culta
575 187 711 232 postea
743 192 858 232 quam
891 182 1045 231 cognita
1077 187 1155 232 est,
1197 193 1269 220 nec
1310 187 1387 220 tam
1424 182 1556 222 multis
1593 189 1702 235 grata
1738 190 1778 224 et

227 239 400 291 probata,
430 239 610 291 pluribus
642 241 758 279 etiam
790 244 971 291 suspecta
999 247 1037 278 et
1063 237 1214 278 invisa?
1275 240 1333 278 An
1359 240 1463 291 quod
1489 243 1665 293 corporis
1691 255 1776 294 gra·
1813 235 1817 266 <¹

228 300 386 337 vitatem
418 304 457 337 et
487 299 662 338 dolorem
695 300 821 338 animo
853 298 1088 349 iudicamuS,
1129 300 1247 337 animi
1285 298 1466 338 morbum
1503 312 1667 352 corpore
1700 313 1778 341 non

228 355 449 397 sentimus?
498 357 554 397 Ita
585 359 627 397 fit
659 363 703 397 ut
728 359 879 396 animus
906 356 953 395 de
980 369 1021 395 se
1047 358 1130 408 ipse
1156 362 1239 396 tum
1266 357 1424 410 iudicet,
1457 370 1547 397 cum
1573 359 1611 398 id
1636 361 1778 412 ipsum,

230 428 306 467 quo
332 416 538 469 iudicatur,
565 422 750 468 aegrotet.
807 415 920 462 Quod
946 416 979 453 si
1005 415 1092 454 talis
1119 427 1190 454 nos
1216 421 1354 455 natura
1379 418 1592 470 genuisset,
1626 424 1668 457 ut
1692 430 1778 458 eam

230 476 352 526 ipsam
384 477 529 514 intueri
568 480 607 514 et
644 477 869 526 perspicere
908 473 1121 525 eademque
1161 476 1305 526 optima
1343 475 1441 514 duce
1481 488 1641 516 cursum
1678 478 1777 517 vitae

229 534 421 573 conficere
462 547 685 586 possemus,
722 533 823 572 haud
869 540 952 572 erat
989 545 1080 572 sane
1123 533 1224 584 quod
1265 535 1470 584 quisquam
1508 536 1697 574 rationem
1734 548 1778 575 ac

228 592 445 632 doctrinam
477 595 709 644 requireret.
770 591 883 631 Nunc
914 591 1098 643 parvulos
1135 591 1246 630 nobis
1286 592 1393 632 dedit
1430 593 1640 646 igniculos,
1681 607 1778 646 quos

229 651 409 690 celeriter
440 652 550 690 malis
588 651 763 690 moribus
800 650 1128 702 opinionibusque
1170 651 1367 702 depravati
1400 653 1455 690 sic
1487 654 1779 706 restinguimus,

228 717 270 749 ut
303 722 496 761 nusquam
534 716 696 750 naturae
734 710 864 749 lumen
903 709 1097 761 adpareat.
1161 709 1261 749 Sunt
1299 711 1402 749 enim
1434 712 1601 762 ingeniis
1632 714 1778 752 nostris

229 770 376 807 semina
417 771 548 808 innata
585 772 792 821 virtutum,
833 781 930 819 quae
973 771 1006 807 si
1043 768 1268 808 adulescere
1308 769 1460 821 liceret,
1500 771 1584 821 ipsa
1623 783 1695 810 nos
1732 771 1779 810 ad

228 827 379 866 beatam
411 830 527 867 vitam
560 835 697 868 natura
735 827 980 879 perduceiet
1041 828 1154 867 Nunc
1187 834 1335 880 autem,
1377 828 1493 867 simul
1530 834 1645 880 atque
1684 830 1779 870 editi

229 888 266 925 in
305 886 433 926 lucem
472 893 511 926 et
550 888 722 945 suscepti
761 899 914 941 sumus,
959 889 999 926 in
1044 889 1149 925 omni
1203 888 1388 926 continuo
1434 889 1621 938 pravitate
1654 894 1694 927 et
1737 890 1777 928 in

228 957 377 984 summa
410 948 637 997 opinionum
669 947 925 997 perversitate
952 957 1165 998 velsamur,
1198 952 1241 984 ut
1266 958 1387 996 paene
1415 958 1505 984 oum
1529 946 1627 986 lacte
1655 949 1779 986 nutri·
1816 970 1817 994 3

228 1005 283 1043 cis
315 1016 490 1043 err01em
524 1007 674 1043 suxisse
708 1004 917 1043 videamur.
981 1003 1077 1043 Cum
1110 1016 1201 1042 vero
1234 1003 1462 1054 parentibus
1494 1005 1648 1057 1edditi‚
1691 1005 1781 1046 dein

229 1064 423 1114 magistris
455 1064 587 1103 traditi
620 1075 767 1114 sumus,
799 1069 882 1102 tum
913 1064 967 1101 ita
993 1064 1108 1101 variis
1133 1062 1334 1101 inbuimur
1361 1063 1576 1115 erroribus,
1602 1070 1647 1103 ut
1671 1066 1775 1104 vani-

228 1123 296 1160 tati
333 1123 476 1161 veritas
515 1129 553 1161 ct
591 1123 765 1174 opinioni
803 1122 1051 1161 confirmatae
1096 1128 1234 1161 natura
1275 1123 1358 1173 ipsa
1397 1122 1518 1161 cedat.
1580 1123 1781 1163 Accedunt

227 1182 342 1219 etiam
380 1186 534 1232 poetae,
579 1183 646 1232 qui
688 1194 777 1220 cum
821 1193 996 1232 magnam
1043 1182 1213 1232 speeiem
1252 1180 1452 1220 doctrinae
1489 1182 1779 1233 sapientiaeque

226 1251 319 1291 prae
353 1252 394 1278 se
427 1240 619 1292 tulerunt,
662 1239 894 1292 audiuntur,
927 1240 1128 1292 leguntur,
1162 1239 1392 1278 ediscuntur
1423 1245 1462 1279 et
1499 1239 1778 1280 inhaerescunt

225 1300 383 1349 penitus
421 1301 459 1338 in
500 1299 713 1351 mentibus3
758 1311 847 1338 cum
885 1311 975 1337 vero
1022 1298 1176 1351 eodem,
1222 1300 1331 1349 quasi
1375 1310 1579 1338 maxumus
1624 1299 1781 1350 quidam

226 1359 426 1410 magister,
464 1358 632 1410 populus
670 1360 839 1398 accessit
877 1364 992 1408 atque
1030 1359 1156 1396 omnis
1194 1357 1367 1408 undique
1407 1357 1452 1396 ad
1490 1359 1579 1397 vitia
1618 1370 1780 1397 consen-

228 1418 327 1455 tiens
359 1417 579 1469 multitudo,
612 1423 695 1456 tum
727 1417 839 1468 plane
872 1418 1067 1456 inficimur
1099 1417 1327 1467 opinionum
1359 1418 1546 1467 pravitate
1579 1429 1598 1455 a
1626 1423 1780 1457 natura-

268 1566 459 1610 pluribus,
504 1565 666 1600 niimlieh
710 1577 818 1610 quam
861 1570 967 1611 yram

227 1616 295 1656 est,·
327 1613 503 1647 w‘zihrend
528 1624 571 1647 zu
596 1616 669 1647 tam
695 1613 818 1647 multis
844 1625 888 1647 zu
915 1624 969 1647 er-

227 1663 367 1705 ganzen
393 1659 443 1694 ist
467 1671 575 1706 (litam
597 1661 758 1705 corporis
777 1660 967 1695 medicina.

275 1718 325 1742 an
362 1708 466 1752 quod.
517 1707 616 1742 Uber
659 1707 730 1742 den
775 1707 969 1742 Gebrauch

226 1765 299 1789 von
331 1766 382 1789 an
413 1767 439 1789 s.
473 1768 502 1789 z.
529 1755 564 1789 II
598 1757 658 1797 18,
690 1758 745 1789 42.
796 1755 869 1789 Der
901 1754 969 1789 Ge-

226 1801 347 1836 danke
367 1801 434 1836 ist:
461 1802 535 1836 Der
555 1801 681 1836 Grund
701 1802 799 1836 kann
818 1813 887 1835 nur
906 1802 970 1836 der

227 1848 324 1891 sein,
362 1848 440 1884 dass
472 1849 538 1883 wir
570 1849 628 1883 die
661 1849 868 1884 Krankheit
904 1849 967 1884 des

226 1895 387 1940 Korpers
426 1895 627 1940 erkenuen,
666 1896 724 1930 die
763 1896 826 1930 der
863 1895 967 1931 Seele

226 1942 340 1987 nicht,
367 1943 451 1977 weil
478 1943 536 1977 die
551 1942 759 1978 Krankheit
784 1943 843 1977 die
863 1942 967 1978 Seele

226 1989 389 2031 hindert,
428 1990 506 2025 sich
544 1990 659 2025 selbst
694 2003 739 2024 zu
770 1990 965 2026 erkennen.

225 2036 322 2071 Plut.
350 2037 464 2071 animi
497 2048 544 2071 an
576 2049 673 2081 corp.
702 2037 759 2072 aff.
786 2036 861 2071 sint
894 2037 965 2082 pei

226 2094 254 2118 c
289 2088 309 2118 3
346 2083 419 2118 τῶν
457 2082 525 2143 μὲν
564 2083 633 2128 γὰρ
673 2084 758 2140 περὶ
789 2081 830 2118 τὸ
864 2085 966 2128 σῶμα

166 2153 170 2157 -
225 2143 444 2186 νοσηματων
490 2129 698 2189 ἐρρωμένος
737 2128 755 2165 ὁ
793 2129 966 2176 λογισμὸς

225 2175 468 2222 αἰσθάνεται,
520 2183 595 2218 τοῖς
647 2177 688 2213 δὲ
733 2179 797 2222 τῆς
844 2179 967 2237 ψυχῆς

226 2226 415 2259 συννοσῶν
442 2222 556 2265 αυτὸς
582 2239 651 2260 ovi(
679 2224 754 2281 ἔχει
780 2227 900 2282 uQL'o‘w
926 2223 966 2261 ἐν

227 2270 281 2311 οἷς
312 2269 456 2316 πάσχει.
506 2271 640 2317 πάσχει
675 2271 745 2317 γὰρ
777 2268 804 2320 ᾧ
838 2274 965 2316 κρίνει

273 2320 434 2362 eorporis
465 2321 678 2364 arai-itatem
704 2337 747 2349 =
779 2310 966 2366 βαρύτητα

226 2366 290 2400 τοῦ
320 2364 497 2410 σώματος,
525 2367 747 2402 Kmnkheit.

273 2417 304 2447 2.
337 2414 377 2448 id
406 2414 525 2457 ipsum
558 2424 627 2458 quo
658 2415 864 2456 indicatur,

228 2459 354 2505 Organ
379 2460 442 2495 del
468 2461 716 2506 Beurteilung.

272 2508 448 2542 rationem
481 2519 523 2543 ac
555 2509 774 2550 doctrinam,
805 2508 966 2553 philoso-

227 2553 380 2599 phische
406 2555 696 2600 Unterweisung.

268 2602 445 2646 parvulos
488 2603 590 2637 nobis
632 2603 730 2637 dedit
769 2603 966 2647 igniculos:

227 2649 271 2683 de
297 2649 368 2693 leg.
396 2649 411 2683 1
440 2653 493 2692 12,
520 2654 574 2683 33.
618 2650 670 2684 sic
694 2650 852 2694 intelle-(Ji
877 2651 966 2691 volo,

226 2697 286 2730 ius
316 2696 410 2740 quod
442 2697 559 2731 dicam
590 2700 727 2731 natura
761 2708 847 2739 esse,
885 2701 964 2731 tan-

227 2747 300 2778 iam
331 2747 448 2778 autem
479 2754 548 2779 esse
583 2745 818 2788 corruptelam
850 2745 966 2778 malae

227 2791 514 2834 consuetudinis,
553 2795 592 2825 ut
632 2792 676 2826 ab
709 2803 750 2826 ca
785 2794 965 2835 tamquam

226 2838 381 2881 igniculi
429 2839 710 2883 eoestinyuantur
758 2850 781 2873 a
829 2841 965 2873 natura

903 2415 966 2449 das

1041 1565 1224 1600 11α11.(18
1258 1566 1318 1599 fin.
1345 1565 1377 1599 V
1406 1569 1468 1607 15,
1495 1568 1538 1599 43
1567 1566 1677 1609 parvi
1707 1566 1781 1601 vio·-

1041 1617 1159 1648 tutum
1201 1613 1424 1654 simulacris,
1466 1623 1621 1656 quarum
1662 1614 1703 1647 in
1745 1623 1780 1648 se

1041 1660 1170 1695 habent
1205 1660 1360 1702 semina,
1397 1660 1474 1694 sine
1510 1660 1678 1695 doctiina
1710 1671 1780 1695 mo-

1040 1710 1187 1748 ventuo·;
1223 1710 1309 1741 sunt
1339 1707 1432 1742 enim
1456 1707 1582 1751 prima
1612 1707 1780 1742 elementa

1041 1758 1206 1796 natusrae,
1226 1755 1356 1798 quibus
1375 1754 1493 1789 auctis
1510 1754 1656 1788 virtutis
1675 1755 1781 1799 quasi

1041 1813 1181 1847 yermcn
1206 1802 1372 1844 efficitur.

1087 1849 1250 1892 suscepti.
1290 1849 1477 1892 Suscipere
1491 1864 1534 1877 =
1550 1848 1669 1883 tollere
1688 1849 1780 1883 wird

1040 1907 1113 1930 von
1139 1896 1222 1930 dem
1247 1895 1361 1930 Vater
1386 1896 1533 1940 ges-agi,
1566 1894 1631 1930 der
1661 1895 1777 1931 durch

1040 1942 1235 1978 Aufheben
1255 1954 1328 1977 von
1348 1943 1432 1978 dem
1444 1942 1571 1977 Boden
1596 1942 1661 1978 das
1681 1942 1779 1978 Kind

1040 1990 1094 2024 als
1122 1991 1187 2024 das
1214 1989 1352 2034 seinige
1379 1989 1590 2025 anerkennt.

1087 2038 1128 2071 in
1152 2038 1260 2079 omni,
1287 2037 1318 2070 cl.
1346 2037 1370 2071 1.
1396 2037 1432 2070 111
1455 2036 1561 2081 jeder
1586 2038 1663 2071 Art.

1086 2085 1230 2126 redditi,
1256 2084 1418 2118 namlich
1444 2095 1468 2117 a
1492 2085 1706 2118 nutricibus.

1085 2132 1250 2176 opinioni
1275 2131 1524 2174 confirmatae,
1557 2130 1777 2176 ‘eingewur-

1038 2179 1170 2213 zeltem
1194 2178 1431 2213 Vorurteile'.

1086 2226 1178 2270 Kap.
1211 2225 1248 2260 2.
1300 2229 1331 2260 3.
1370 2228 1401 2259 et
1438 2225 1705 2260 inhaerescunt:
1744 2228 1777 2260 et

1040 2274 1127 2308 oder
1159 2276 1263 2317 atque
1300 2272 1401 2306 steht
1433 2271 1493 2306 bei
1526 2272 1609 2306 dem
1641 2272 1778 2307 letzben

1040 2319 1168 2355 Gliede
1196 2320 1295 2354 einer
1315 2319 1443 2363 Reihe,
1468 2329 1575 2353 wenn
1601 2319 1678 2354 dies
1698 2320 1777 2355 81111-

1040 2368 1161 2402 weder
1193 2366 1323 2409 allein,
1362 2366 1450 2401 oder
1481 2366 1551 2400 mit
1582 2366 1665 2400 dem
1697 2377 1777 2401 vor-

1039 2414 1298 2459 hergehenden
1336 2425 1380 2447 zu
1419 2413 1519 2448 einer
1551 2412 1776 2448 besonderen

1040 2461 1187 2506 Gruppe
1237 2460 1451 2495 verbunden
1503 2460 1573 2495 den
1621 2460 1777 2504 fibrigen

1039 2508 1214 2544 Gliedern
1228 2508 1554 2552 entgegengesetzt
1565 2506 1667 2541 wird.
1687 2507 1777 2542 Hier

1039 2555 1141 2600 giebt
1167 2556 1419 2590 inhaerescunt
1444 2554 1509 2589 das
1529 2554 1699 2589 Resultat
1717 2565 1776 2597 an,

1040 2603 1104 2637 das
1129 2613 1194 2637 aus
1220 2602 1290 2636 den
1318 2602 1455 2637 andern
1482 2601 1698 2646 entspringt.
1742 2602 1776 2636 V

1038 2654 1076 2693 4,
1114 2653 1156 2683 10
1194 2650 1415 2693 studioseque
1452 2649 1497 2683 ab
1534 2648 1583 2682 iis
1618 2649 1777 2683 siderum

1038 2697 1318 2741 mayniiuclines,
1340 2696 1544 2737 intervalla,
1564 2705 1690 2730 cursus
1709 2707 1774 2731 an-

1038 2745 1275 2788 querebantur
1306 2747 1338 2778 ct
1363 2747 1493 2778 cuncta
1518 2743 1691 2778 caelestia.
1743 2742 1782 2776 V»

1041 2795 1095 2834 14,
1116 2795 1157 2824 41
1194 2791 1365 2825 Volumus
1383 2791 1477 2825 enim
1496 2801 1586 2832 eum,
1610 2790 1674 2834 qui
1693 2790 1774 2825 bea-

1039 2842 1096 2872 tus
1120 2839 1184 2880 sit,
1211 2841 1326 2872 tutum
1352 2848 1422 2872 esse
1446 2837 1774 2882 inempwnaMIem,
