1817 3103
316 69 707 105 TUSCULANARUM
733 69 1129 105 DISPUTATIONUM
1158 70 1216 105 111.
1246 76 1344 106 1--4,
1577 71 1602 111 5

61 192 136 232 que
173 179 445 231 desciscimus,
484 185 526 218 ut
565 179 675 217 nobis
713 180 857 230 optime
896 185 1055 217 naturae
1096 181 1170 229 rim
1211 180 1349 218 vidisse
1391 180 1603 233 videantur,

61 240 127 290 qui
157 237 252 276 nihil
284 237 423 277 melius
461 237 625 289 homini,
665 237 757 276 nihil
797 238 917 288 magis
956 237 1234 288 expetendum,
1275 238 1368 277 nihil
1407 246 1602 289 praestan-

60 299 136 337 tius
174 296 406 347 honoribus,
445 297 639 348 imperiis,
677 295 852 347 populari
891 295 1010 346 gloria
1053 295 1330 334 iudicaverunt.
1394 298 1448 335 Ad
1488 311 1602 349 quam

60 355 184 394 fertur
210 360 393 406 optumus
421 356 599 406 quisque,
632 366 839 405 veramque
866 354 967 392 illam
995 354 1236 392 honestatem
1264 360 1461 407 expetens,
1489 369 1603 407 quam

58 406 175 452 unam
207 419 343 452 natura
378 415 541 452 maxime
580 415 768 465 anquirit,
810 414 849 451 in
889 425 1037 451 summa
1075 414 1259 452 inanitate
1300 419 1475 451 versatur
1514 427 1602 453 con-

59 478 310 523 sectaturque
350 472 494 510 nullam
532 474 767 510 eminentem
809 471 976 521 effigiem
1016 473 1187 522 virtutis⁷
1231 471 1297 509 sed
1338 472 1603 511 adumbratam

58 532 264 582 imaginem
297 530 452 581 gloriae.
514 530 584 569 Est
615 531 718 569 enim
744 529 864 581 gloria
892 529 1013 568 solida
1040 530 1227 581 quaedam
1255 543 1317 568 res
1345 536 1383 568 ot
1409 542 1604 583 expressa,

58 601 135 628 non
168 589 411 628 adumbrata:
449 601 493 628 ea
534 595 593 628 est
630 590 879 628 consentiens
916 588 999 627 laus
1032 588 1243 641 bonorum,
1275 590 1501 640 incorrupta
1534 602 1602 628 vox

59 648 158 687 bene
191 648 446 687 iudicantium
478 648 524 686 de
558 647 762 687 excellenti
796 649 949 699 virtute,
983 660 1025 685 ea
1054 649 1186 686 virtuti
1219 653 1376 687 resonat
1409 654 1604 700 tamquam

58 709 195 758 imago,
259 707 365 752 Quae
398 708 488 757 quia
520 711 627 745 recte
660 706 851 745 sactorum
883 706 1114 758 plerumque
1148 718 1278 745 comes
1317 713 1392 758 est,
1431 720 1507 745 non
1547 714 1606 746 est

58 765 172 804 bonis
204 767 296 804 viris
329 765 578 816 repudianda.

58 824 149 876 volt,
186 825 390 863 temeraria
422 830 537 874 atque
569 824 854 863 inconsiderata
887 829 924 862 et
956 823 1186 875 plerumque
1218 830 1469 875 peccatorum
1499 827 1606 863 vitio-

60 895 224 934 rumque
264 882 472 934 laudatrix,
511 883 609 921 fama
647 879 862 934 papulam,
905 882 1151 921 simulatione
1190 882 1405 922 honestatis
1445 885 1606 922 sormam

59 943 144 980 eius
170 941 581 993 pulchritudinemque
609 942 836 992 corrumpit.
891 941 974 987 Qua
1001 943 1146 980 caecati
1173 941 1350 980 homines
1377 955 1465 980 cum
1493 955 1606 993 quae-

59 1000 146 1039 dam
179 1002 294 1039 etiam
325 1000 523 1051 praeclara
561 1007 752 1051 cuperent
787 1012 909 1051 eaque
943 1002 1141 1039 nescirent
1173 1013 1245 1039 nec
1278 1000 1344 1039 ubi
1376 1013 1448 1040 nec
1481 1001 1606 1052 qualia

59 1065 202 1112 essent,
235 1059 410 1098 funditus
442 1058 505 1098 alii
537 1065 764 1098 everterunt
797 1071 886 1098 suas
919 1061 1111 1111 civitates,
1151 1059 1213 1098 alii
1252 1061 1325 1111 ipsi
1365 1059 1606 1099 occiderunt.

60 1119 175 1169 Atqui
207 1117 246 1156 hi
279 1118 435 1169 quidem
468 1124 625 1169 optuma
658 1124 837 1169 petentes
870 1130 946 1156 non
981 1124 1057 1157 tam
1091 1118 1286 1157 voluntate
1320 1131 1435 1169 quam
1468 1131 1607 1158 cursus

59 1188 194 1215 errore
233 1176 429 1216 falluntur.
494 1175 624 1222 Quid?
663 1178 729 1227 qui
767 1178 956 1227 pecuniae
996 1176 1226 1228 cupiditate,
1268 1179 1334 1228 qui
1367 1177 1607 1229 voluptatum

59 1234 218 1274 libidine
250 1235 449 1287 feruntur,
482 1247 728 1286 quorumque
762 1237 813 1274 ita
846 1234 1128 1286 perturbantur
1161 1236 1295 1288 animi,
1328 1242 1371 1275 ut
1402 1248 1479 1274 non
1512 1236 1607 1275 mul-

59 1298 141 1333 tum
175 1293 303 1333 absint
334 1293 381 1332 ab
413 1295 578 1346 insania,
613 1293 734 1344 [quod
768 1293 1043 1345 insipientibus
1076 1295 1266 1345 contingit
1298 1294 1515 1346 omnibus‚]
1548 1295 1607 1333 his

56 1469 218 1510 saeptum
256 1469 361 1511 atque
396 1467 584 1501 munitum.
635 1465 666 1499 II
704 1469 723 1508 ξ
751 1470 793 1500 47

58 1516 91 1548 et
115 1513 339 1557 lanyuidum.
378 1512 462 1558 Vgl.
489 1525 533 1547 zu
559 1513 608 1547 IV
637 1517 668 1556 7,
697 1518 738 1547 16
765 1518 796 1548 et

868 1466 958 1509 eius,
985 1465 1017 1500 d.
1036 1466 1057 1499 i.
1083 1467 1220 1510 qloriae
1239 1468 1414 1511 genanut,
1435 1467 1609 1502 wahrend

869 1512 933 1547 der
958 1513 1082 1547 wahl-e
1109 1513 1231 1547 Ruhm
1264 1514 1318 1548 als
1351 1525 1405 1549 res
1435 1515 1551 1549 solida
1577 1520 1608 1550 et

56 1561 202 1595 similia.

104 1610 260 1642 naturae
284 1608 356 1641 vim
380 1608 532 1650 vidisse,
560 1607 640 1641 ‘das
662 1608 795 1642 Wesen

58 1654 123 1688 der
149 1654 266 1688 Natur
291 1653 448 1688 erkannt
472 1654 621 1689 haben’.
660 1654 741 1700 Vgl.
762 1655 796 1689 11

58 1704 114 1745 26,
135 1704 180 1736 63
206 1701 330 1745 opinio
351 1702 468 1736 valeat
486 1702 690 1743 honestatis,
718 1712 796 1736 cum

57 1749 176 1793 ipsam
199 1748 318 1783 videre
342 1759 416 1783 non
435 1749 587 1793 possint.

104 1798 268 1839 empetens
303 1816 349 1821 -
387 1799 628 1837 consectatur,
674 1795 797 1830 indem

57 1852 96 1876 er
141 1841 200 1876 die
238 1843 360 1877 wahre
399 1842 552 1887 Tugend
596 1843 646 1876 im
685 1842 796 1877 Sinne

57 1889 133 1932 hat,
160 1901 203 1923 zu
231 1890 418 1924 erstreben
443 1890 559 1924 meint
578 1910 620 1914 —
647 1890 733 1935 jagt
759 1901 798 1924 er

57 1936 162 1971 nach.

104 1984 310 2018 eminentem
335 1983 504 2028 effiqzkm:
539 1985 712 2027 eminens(¹
739 1996 796 2019 ex-

53 2040 183 2074 pressa
214 2031 349 2076 effign'es
379 2031 596 2066 bezeichnet
629 2031 688 2066 die
714 2043 798 2066 run-

59 2078 148 2119 den,
181 2077 240 2112 die
272 2078 371 2112 volle
403 2077 685 2122 Karpergestalt
716 2090 798 2113 aus-

61 2124 297 2159 dn'ickenden
332 2124 504 2169 Formen,
543 2124 612 2160 wie
649 2125 701 2161 sie
740 2126 799 2160 die

61 2170 264 2216 plastische
285 2171 404 2206 Kunst
425 2171 566 2215 schaffi,
587 2173 637 2206 im
658 2172 799 2217 Gegen-

61 2219 140 2253 satz
165 2230 208 2253 zu
234 2217 305 2253 den
320 2218 614 2254 Schattenrissen
641 2219 706 2253 der
721 2220 797 2254 Zei—

60 2265 284 2309 ohenkunst,
329 2267 564 2301 adumbratae
606 2267 800 2312 imayines;

60 2312 175 2347 daher
200 2312 264 2346 das
290 2312 496 2357 lebendige‚
526 2314 676 2358 get-,reue
702 2313 796 2349 Bild.

60 2359 105 2394 de
128 2358 187 2394 off.
203 2360 253 2394 ΙΙΙ
276 2363 331 2404 17,
351 2364 393 2394 69
420 2360 491 2395 Sed
515 2371 580 2395 nos
604 2362 680 2395 veri
704 2362 798 2396 iuris

56 2417 316 2452 germanaeque
364 2407 525 2442 iustitiae
572 2408 724 2443 solidam
767 2412 798 2442 et

57 2463 259 2498 expressam
284 2454 437 2499 effiyiem
467 2455 606 2489 nullam
632 2458 798 2498 tenemus,

58 2501 188 2536 umbra
213 2504 244 2536 et
268 2501 490 2546 imaqinibus
515 2502 662 2539 utimur.

105 2548 252 2583 virtutis
290 2568 333 2572 —
371 2549 527 2592 ylariae:
577 2548 628 2583 sie
679 2550 799 2594 gehen

59 2594 164 2630 nicht
183 2595 302 2630 einem
322 2594 535 2631 deut-lichen
555 2595 714 2632 Abbilde
734 2597 798 2632 der

59 2641 213 2686 Tugend
238 2642 344 2686 nach,
371 2642 404 2676 d.
419 2643 454 2677 h.
473 2642 524 2677 sie
550 2643 670 2688 gehen
694 2644 799 2679 nicht

61 2687 143 2723 dem
167 2689 345 2724 wahren
369 2689 537 2725 Ruhme
568 2691 684 2735 nach,
715 2702 796 2726 son-

61 2734 150 2769 dern
174 2735 294 2771 einem
314 2735 592 2772 Sehattenbilde
613 2737 677 2772 des
697 2738 796 2772 Ruh-

61 2791 156 2824 mes,
201 2782 265 2817 der
301 2784 402 2826 fama
433 2784 638 2828 popularis.
687 2784 796 2820 Diese

61 2827 152 2862 wird
182 2830 277 2864 auch
307 2830 359 2865 im
393 2831 591 2876 folgenden
615 2832 796 2868 imitatria¹

868 1571 1035 1603 eoepressa
1059 1560 1276 1595 bezeichnet
1300 1561 1401 1595 wird.

916 1607 999 1642 bene
1023 1607 1285 1651 iudicantium,
1321 1608 1474 1654 ‘riehtig
1497 1609 1609 1643 urtei-

869 1653 1028 1695 lender'3
1075 1654 1150 1699 vgl.
1177 1655 1228 1689 III
1262 1660 1324 1699 16,
1356 1660 1401 1690 34
1432 1657 1524 1690 male
1556 1667 1606 1691 re-

865 1701 1104 1745 prehendunt.
1154 1701 1187 1733 V
1211 1705 1267 1745 20,
1289 1706 1331 1737 57
1359 1703 1442 1737 bene
1467 1703 1609 1738 intuen-

870 1748 975 1784 tibus.

916 1799 1100 1840 tamquam
1131 1797 1266 1841 incasso,
1297 1797 1459 1832 niimlich
1491 1798 1609 1841 imayo

868 1843 976 1885 vocis,
1002 1842 1114 1878 Echo.

919 1893 949 1924 4.
976 1900 1011 1924 se
1030 1891 1107 1924 eius
1128 1891 1363 1926 imitatricem.
1390 1891 1500 1936 Folgt
1515 1892 1609 1926 nach

870 1937 956 1971 velle
982 1936 1040 1971 ein
1066 1937 1228 1972 Infinitiv
1255 1949 1342 1981 esse,
1367 1939 1508 1981 haberi,
1537 1939 1610 1973 ‘fiir

871 1984 984 2018 etwas
1020 1984 1195 2028 gehalten
1230 1985 1406 2027 werden'‚
1445 1996 1483 2020 so
1519 1987 1612 2021 setzt

873 2030 944 2066 Cic.
977 2031 1108 2066 immer
1139 2032 1209 2066 den
1242 2032 1439 2067 Aecusativ
1474 2033 1543 2067 mit
1575 2033 1609 2068 d.

872 2078 973 2112 Infin.
1024 2078 1160 2123 Hiiufig
1185 2079 1278 2114 wird
1310 2090 1380 2114 esse
1409 2079 1446 2114 in
1472 2079 1609 2114 diesem

873 2124 978 2160 Falle
1004 2126 1098 2160 auch
1125 2126 1386 2171 weggelassen.
1425 2127 1458 2161 V
1487 2131 1539 2169 19,
1566 2132 1609 2161 54

871 2175 994 2206 utrum
1023 2174 1146 2208 malles
1177 2176 1209 2207 te
1242 2193 1285 2198 —
1317 2174 1418 2208 semel
1449 2177 1489 2209 ut
1519 2174 1610 2209 Lae-

872 2219 961 2253 lium
987 2220 1173 2255 consulem.
1210 2220 1255 2255 de
1276 2220 1334 2256 off.
1355 2221 1387 2255 II
1409 2225 1463 2264 22,
1486 2224 1528 2256 78
1548 2223 1611 2266 qui

871 2277 952 2300 vero
976 2277 1012 2301 se
1032 2268 1228 2311 populares
1253 2269 1385 2303 volunt.

917 2324 1043 2349 cursus
1084 2325 1219 2357 errore,
1262 2315 1374 2350 durch
1412 2315 1612 2350 Verfehlen

871 2360 936 2395 der
960 2360 1111 2396 rechten
1136 2362 1253 2396 Bahn.

918 2409 1013 2452 quod
1037 2409 1357 2453 insipientibzw—
1378 2411 1544 2445 omnibu-s
1562 2410 1611 2445 ist

871 2454 935 2489 der
950 2455 1081 2491 Zusatz
1102 2456 1200 2491 eines
1215 2456 1493 2499 Abschreibers3
1514 2457 1609 2491 denn

872 2501 992 2536 dieser
1042 2503 1126 2538 Satz
1175 2503 1298 2538 wiirde
1355 2503 1415 2538 die
1464 2504 1610 2539 voi-her-

871 2549 1037 2593 gehende
1057 2549 1272 2595 Scheidung
1296 2551 1370 2585 und
1396 2551 1465 2586 mit
1486 2550 1609 2596 Quid?

870 2596 1102 2641 eingefiihrte
1152 2597 1372 2642 Steigerung
1425 2599 1609 2632 aufheben

869 2643 943 2677 und
970 2644 1025 2678 als
1051 2644 1240 2689 unrichtig
1264 2645 1472 2688 hinstellen,
1499 2645 1547 2679 da
1567 2645 1609 2689 ja

868 2690 1078 2735 insipientes
1104 2692 1245 2727 sowohl
1271 2692 1329 2726 die
1350 2691 1442 2735 sind,
1468 2691 1609 2726 welche

870 2748 935 2773 aus
973 2739 1107 2773 Irrtum
1145 2739 1212 2773 auf
1246 2738 1407 2782 Abwege
1446 2740 1608 2781 geraten,

869 2786 924 2820 als
969 2785 1044 2826 die,
1093 2785 1234 2820 welche
1278 2784 1392 2819 durch
1437 2785 1611 2830 Geldgier

867 2832 1084 2868 verblendet
1109 2832 1265 2867 werden.

1628 488 1817 670 ffffl

639 765 704 803 Illa
737 771 884 816 autem,
920 777 1017 815 quae
1051 777 1092 803 se
1126 767 1209 804 eius
1241 767 1489 804 imitatricem
1521 777 1639 805 esse4
