1790 3103
312 105 708 142 TUSCULANARUM
734 103 1137 139 DISPUTATIONUM
1163 104 1205 140 V.
1233 108 1381 140 29-33.
1554 104 1637 146 113

82 217 152 256 sed
186 228 399 267 numquam
431 216 469 254 id
502 216 668 266 diceret,
701 215 734 253 si
766 215 848 265 ipse
881 224 923 251 se
955 213 1118 252 audiret.
1183 214 1283 259 Quid
1311 221 1369 253 est
1397 216 1500 253 enim
1533 214 1636 265 quod

81 277 214 314 minus
246 276 452 313 conveniat
483 286 598 325 quam
632 280 674 312 ut
705 274 756 324 is,
795 273 863 323 qui
900 271 959 309 vel
997 283 1194 310 summum
1234 272 1291 310 vel
1330 273 1455 311 solum
1494 273 1638 312 malum

76 333 258 372 -dolorem
297 345 383 371 esse
423 332 544 384 dicat,
588 331 692 370 idem
735 335 893 369 censeat
938 326 1078 375 ‘Quam
1123 329 1196 367 hoc
1243 342 1360 369 suave
1406 329 1497 370 est!'
1543 338 1638 382 tum,

83 403 174 430 cum
212 390 346 429 dolore
385 393 602 442 crucietur,
639 390 837 428 dicturum
875 400 961 426 esse
1001 385 1246 438 sapientem?
1309 388 1394 426 Non
1434 391 1552 439 igitur
1591 402 1638 428 ex

83 449 249 501 singulis
293 449 455 488 vocibus
499 448 720 501 philosophi
764 446 966 498 spectandi
1009 452 1118 497 sunt,
1169 445 1238 485 sed
1283 458 1330 484 ex
1375 450 1635 498 perpetuitate

82 502 198 559 atque
231 510 460 547 constantia.

201 568 246 605 A.
279 566 450 605 Adducis
488 577 549 604 nie
589 570 632 604 ut
670 563 738 603 tibi
777 563 985 602 adsentiar.
1049 562 1124 601 Sed
1167 569 1232 602 tua
1270 575 1426 614 quoque
1467 563 1550 602 vide
1591 576 1637 603 ne
1654 550 1707 630 31}

82 624 330 664 desideretur
368 625 596 664 constantia.
659 623 713 660 M.
754 621 930 667 Quonam
974 619 1118 660 modo?
1180 623 1225 660 A.
1263 621 1361 666 Quia
1407 621 1483 673 legi
1528 629 1638 661 tuum
1681 623 1696 630 ⁴

83 695 212 735 nuper
245 689 428 735 quartum
461 682 508 721 de
541 680 713 720 Finibus.
777 680 818 719 In
858 693 903 719 eo
937 680 1030 719 mihi
1063 680 1244 719 videbare
1284 686 1421 719 contra
1453 680 1639 720 Catonem

84 741 284 781 disserens
315 742 388 780 hoc
423 741 518 779 velle
552 740 778 791 ostendere,
820 738 924 790 quod
963 739 1058 777 mihi
1096 739 1254 790 quidem
1292 738 1499 790 probatur,
1537 741 1641 778 inter

85 799 282 839 Zenonem
327 806 365 839 et
408 799 690 850 Peripateticos
734 798 829 837 nihil
873 803 1030 849 praeter
1074 797 1284 836 verborum
1329 799 1539 837 novitatem
1583 800 1639 837 in-

86 864 247 898 teresse.
310 857 421 904 Quod
455 859 488 896 si
519 859 571 896 ita
604 862 682 908 est,
715 856 807 908 quid
841 862 900 895 est
932 868 1071 895 causae
1100 858 1212 907 quin,
1246 858 1279 895 si
1305 856 1472 894 Zenonis
1499 858 1641 895 rationi

84 923 393 956 consentaneum
426 917 476 955 sit
508 917 602 955 satis
628 927 805 967 magnam
838 916 913 953 vim
947 917 986 953 in
1013 916 1156 954 virtute
1185 927 1270 953 esse
1298 914 1344 953 ad
1371 914 1482 953 beate
1510 916 1639 954 viven-

81 974 196 1027 dum,
228 975 342 1014 liceat
373 974 477 1014 idem
508 974 779 1026 Peripateticis
812 971 972 1012 dicere?
1035 973 1132 1012 Rem
1165 975 1269 1012 enim
1301 975 1440 1025 opinor
1470 974 1640 1025 spectari

83 1039 287 1085 oportere,
320 1046 397 1072 non
430 1032 558 1072 verba.
622 1033 676 1072 Jl.
709 1033 769 1071 Tu
803 1031 959 1083 quidem
998 1031 1150 1071 tabellis
1189 1031 1402 1083 obsignatis
1441 1034 1523 1083 agis
1561 1044 1638 1071 me·
1656 1041 1700 1073 33

84 1103 174 1131 cum
207 1098 246 1131 et
276 1092 516 1143 testificaris,
556 1092 647 1143 quid
688 1091 853 1130 dixerim
893 1090 1098 1142 aliquando
1138 1097 1204 1129 aut
1243 1092 1481 1142 scripserim.
1543 1090 1642 1130 Cum

84 1149 171 1189 aliis
203 1152 279 1189 isto
311 1151 444 1202 modo,
478 1152 545 1201 qui
577 1150 728 1202 legibus
760 1151 942 1201 inpositis
974 1149 1192 1201 disputant,
1231 1161 1303 1187 nos
1335 1151 1375 1188 in
1414 1148 1517 1188 diem
1550 1151 1640 1188 vivi-

82 1220 190 1261 mus3
222 1209 499 1260 quodcumque
532 1215 689 1248 nostros
722 1210 872 1247 animos
910 1207 1183 1259 probabilitate
1216 1209 1430 1259 percussit,
1468 1207 1506 1246 id
1547 1208 1640 1246 dici-

83 1279 189 1319 mus3
229 1269 360 1319 itaque
400 1267 472 1306 soli
510 1280 646 1306 sumus
684 1266 808 1306 liberi.
871 1266 1015 1305 Verum
1052 1272 1201 1318 tamen,
1240 1268 1424 1318 quoniam
1463 1266 1510 1305 de
1550 1279 1640 1306 con-

81 1327 227 1365 stantia
251 1325 366 1378 paulo
394 1332 482 1364 ante
509 1326 694 1377 diximus,
728 1337 806 1364 non
839 1337 910 1377 ego
943 1325 1017 1364 hoc
1049 1324 1134 1363 loco
1166 1324 1205 1363 id
1239 1325 1506 1376 quaerendum
1533 1332 1641 1377 puto,

83 1396 271 1424 verumne
317 1386 383 1437 sit,
428 1385 532 1436 quod
571 1384 717 1423 Zenoni
754 1384 947 1436 placuerit
990 1383 1175 1434 quodque
1220 1385 1305 1423 eius
1350 1383 1520 1422 auditori
1557 1385 1640 1422 Ari-

84 1444 206 1496 stoni,
238 1442 386 1482 bonum
418 1455 504 1482 esse
537 1443 663 1482 solum
696 1443 800 1494 quod
833 1442 1043 1481 honestum
1077 1448 1198 1493 esset,
1243 1442 1312 1481 sed
1357 1443 1390 1480 si
1435 1443 1486 1481 ita
1525 1448 1641 1494 esset,

83 1507 169 1541 tum
200 1504 308 1541 volui
338 1507 382 1541 ut
413 1507 539 1541 totum
578 1501 651 1541 hoc
689 1501 801 1541 beate
847 1502 975 1540 vivere
1020 1502 1060 1539 in
1104 1513 1181 1539 una
1226 1502 1370 1540 virtute
1414 1508 1642 1553 poneretur.

83 1639 165 1719 aussi
185 1638 691 1730 ἔξίξθεᾞέίιξζῗέῒξῗὲτὲ
710 1637 827 1719 S‘dlbsit

691 1712 699 1727 ‚
762 1713 768 1719 .
819 1712 827 1720 .

85 1743 192 1767 wenn
218 1742 257 1766 er
282 1731 361 1767 sich
386 1731 621 1775 konsequent,
645 1731 779 1766 bliebe.

135 1778 253 1824 Quam
276 1779 341 1814 hoc
364 1789 492 1821 suave;
525 1790 550 1813 s.
578 1777 611 1812 II
639 1782 670 1821 7,
699 1782 740 1813 17
766 1778 828 1813 sed

85 1825 256 1869 Epicuro
287 1845 331 1850 —
362 1835 437 1860 ποπ
468 1828 517 1860 est
547 1825 611 1860 hoe
641 1826 750 1860 satis:
786 1826 828 1860 iri

89 1871 310 1907 Phalaridis
352 1875 460 1907 tauro
508 1873 541 1907 si
583 1873 669 1915 erit,
719 1873 828 1908 dicet:

82 1918 207 1964 Quam
233 1929 342 1954 suave
365 1923 425 1954 est.

135 1976 178 2000 ex
203 1967 445 2010 perpetuitate
476 1969 582 2010 atque
613 1967 830 2008 constantia,

83 2023 156 2048 aus
183 2012 267 2048 dem
292 2013 634 2056 Zusammenhange
660 2013 734 2047 und
760 2013 829 2048 den

88 2060 380 2104 Konsequenzen
403 2059 502 2094 ihres
529 2059 729 2104 Systemes.

137 2106 229 2151 Kap.
256 2106 318 2142 11.
369 2110 424 2141 32.
460 2107 556 2141 inter
585 2107 764 2142 Zenonem
799 2110 832 2142 et

86 2153 364 2197 Peripateticos:
389 2153 480 2188 iiber
505 2153 564 2188 dje
585 2153 832 2199 Behauptung

86 2211 115 2235 e.
142 2212 170 2234 z.
196 2199 248 2233 IV
275 2204 307 2243 3,
335 2204 354 2235 6
381 2200 457 2234 und
482 2199 576 2234 Einl.
603 2204 621 2242 ξ,
648 2204 702 2236 20.

137 2250 193 2282 33.
219 2247 360 2282 tabellis
378 2247 595 2292 obsignatis,
619 2247 689 2282 mit
707 2249 829 2282 unter-

89 2293 271 2338 siegelten
307 2293 524 2337 Urkunden‚
559 2293 629 2329 wie
660 2305 748 2329 man
777 2294 829 2329 sie

90 2351 157 2376 vor
177 2339 330 2375 Gericht
354 2340 528 2384 braucht,
554 2353 617 2375 um
643 2341 723 2376 eine
738 2342 830 2376 Aus-

88 2397 180 2432 sage
229 2399 273 2421 zu
317 2386 512 2423 beweisen.
580 2387 696 2423 Dafiir
738 2388 832 2423 wird

88 2435 194 2469 sonst
232 2434 328 2468 auch
365 2445 408 2469 ea:
445 2435 655 2481 synyrapha
686 2437 829 2480 gesagt.

86 2492 125 2526 p.
159 2479 250 2516 Mur.
294 2484 353 2524 17,
381 2484 424 2515 35
460 2483 611 2526 peryitis
646 2492 707 2517 vos
743 2485 832 2517 tam-

89 2538 199 2573 quam
241 2538 284 2562 ea:
331 2529 542 2572 syngrapha
596 2539 700 2573 apere
752 2540 832 2564 cum

87 2574 236 2619 populo.

139 2621 275 2666 leqibus
293 2622 474 2666 inpositis,
500 2622 611 2657 ‘nach
631 2622 751 2657 einem
770 2622 831 2657 be-

85 2666 284 2703 stimmten
309 2668 484 2713 System’‚
510 2669 584 2713 vgl.
610 2669 644 2703 II
665 2673 696 2712 2,
719 2674 738 2704 5
759 2680 833 2704 eer-

91 2714 139 2749 tis
164 2715 380 2759 quibusdam
405 2716 662 2760 destinatisque
694 2719 832 2751 senten-

86 2761 155 2796 tiis
179 2763 286 2806 quasi
309 2763 449 2798 addicti
473 2766 505 2797 et
530 2763 738 2798 consecrati.

140 2817 206 2843 rios
235 2809 277 2843 in
307 2810 400 2844 diem
430 2810 592 2844 vivinuis.
644 2809 710 2844 Die
743 2808 832 2844 Ver-

90 2853 288 2900 teidigung
318 2856 368 2891 ist
399 2856 617 2899 seherzhast‚
651 2856 726 2891 und
752 2856 833 2891 des-

164 2919 286 2953 Hssnm,
306 2920 366 2947 Cic.
381 2921 499 2948 TuscuL
528 2922 551 2947 2.
566 2921 647 2947 Hert.

900 1637 990 1672 halb
1015 1636 1097 1672 sind
1123 1648 1162 1672 so
1188 1637 1313 1673 starke
1337 1637 1554 1673 Ausdrficke
1581 1649 1643 1683 ge-

900 1683 1032 1726 wahlt,
1058 1684 1127 1719 wie
1154 1684 1276 1720 dieser
1300 1685 1374 1719 und
1400 1685 1644 1730 quodcumque

901 1751 944 1756 -
964 1732 1226 1776 probabilitate
1244 1733 1433 1776 percussit.

947 1779 1119 1822 quoniam
1144 1779 1186 1813 de
1211 1780 1415 1814 constantia
1449 1780 1517 1814 cet.
1569 1779 1644 1814 Der

901 1824 1079 1860 Gedanke
1099 1825 1165 1860 ist:
1191 1825 1248 1860 Da
1268 1825 1405 1861 einmal
1425 1826 1483 1860 die
1504 1826 1643 1861 Konse-

902 1883 1019 1917 quenz
1045 1873 1213 1908 erwiihnt
1237 1872 1303 1916 ist,
1330 1884 1370 1908 so
1397 1873 1474 1907 will
1499 1873 1561 1908 ich
1587 1872 1646 1907 dir

903 1919 1047 1964 zeigen,
1081 1918 1159 1954 dass
1193 1920 1286 1954 auch
1318 1920 1379 1954 ich
1410 1919 1644 1964 konsequent

902 1966 976 2001 bin.
1027 1967 1074 2000 Es
1112 1966 1267 2001 handelt
1304 1966 1382 2001 sich
1423 1967 1503 2001 hier
1539 1966 1644 2001 m'cht

904 2013 1051 2055 darum,
1079 2014 1125 2048 ob
1152 2013 1217 2048 der
1236 2013 1442 2048 Grundsatz
1463 2013 1526 2048 der
1548 2013 1644 2049 Stoi-

902 2060 986 2103 ker,
1024 2059 1104 2095 dass
1143 2060 1200 2095 die
1239 2060 1393 2105 Tugend
1434 2061 1546 2095 allein
1585 2060 1646 2095 ein

905 2106 979 2142 Gut
999 2107 1068 2150 sei,
1087 2106 1224 2152 richtig
1243 2108 1304 2150 ist,
1324 2107 1482 2142 sondem
1502 2107 1644 2150 darum,

904 2153 999 2197 dass,
1026 2165 1133 2188 wenn
1153 2154 1229 2188 dies
1250 2165 1290 2188 so
1317 2154 1383 2194 ist,
1411 2154 1469 2188 die
1490 2154 1646 2199 Tngend

901 2200 1016 2235 allein
1054 2213 1117 2235 zur
1146 2200 1312 2245 volligen
1350 2199 1646 2246 Gliickseligkeil:

902 2249 1054 2292 genfigt.
1104 2247 1187 2282 Wie
1222 2248 1356 2282 Brutus
1397 2248 1472 2282 und
1510 2248 1647 2283 andere

903 2293 982 2329 sich
1024 2294 1093 2329 mit
1136 2295 1275 2329 diesem
1320 2294 1426 2330 Satze
1473 2295 1645 2330 abfinden

903 2341 1068 2385 kdnnen‚
1093 2342 1142 2376 ist.
1167 2341 1246 2376 ihre
1273 2341 1402 2376 Saehe.

950 2389 1137 2431 Aristoni,
1165 2400 1192 2425 s.
1220 2392 1257 2432 9,
1284 2392 1327 2423 27
1349 2389 1424 2423 und
1444 2401 1472 2424 z.
1495 2388 1528 2422 ΙΙ
1549 2391 1567 2431 ξ
1592 2392 1645 2423 15,

950 2439 1027 2470 tum
1064 2436 1181 2471 volui:
1223 2436 1323 2470 volui
1366 2435 1460 2470 fehlt
1497 2436 1536 2470 in
1574 2435 1646 2470 den

903 2482 1029 2526 Hdss.‚
1067 2482 1107 2516 in
1139 2483 1257 2518 denen
1295 2483 1463 2517 iiberdies
1495 2486 1647 2527 poneret

905 2529 1015 2565 steht.
1065 2530 1154 2564 Man
1186 2529 1327 2565 erkliirt
1358 2529 1430 2564 den
1455 2529 1646 2574 Konjunk-

903 2576 958 2611 tiv
985 2587 1040 2620 so,
1075 2576 1154 2611 dass
1186 2588 1251 2611 aus
1284 2577 1527 2621 quaerendum
1555 2580 1646 2620 puto

904 2634 1266 2714 ξίὴθῖἕὲἓέθὲςίῗε
1285 2624 1647 2719 ἔὲῗῖἷὲὒρῗὶἷῑωῖἲ

904 2717 1001 2751 noch
1052 2717 1116 2751 der
1158 2716 1390 2761 Konjunktiv
1433 2715 1647 2759 [inperfecti

905 2763 1096 2798 unerkl‘airt
1114 2763 1246 2798 bliebe.
1286 2763 1430 2797 Andere
1451 2761 1648 2796 schreiben

905 2811 947 2844 ni
971 2811 1024 2844 ita
1050 2813 1154 2852 esset,
1181 2821 1204 2844 η
1216 2822 1235 2844 ιι
1248 2821 1278 2844 m
1308 2829 1350 2834 ——
1374 2812 1539 2853 poneret,
1571 2819 1645 2843 wo-

905 2855 966 2892 bei
993 2856 1130 2901 jedoeh
1162 2856 1225 2892 der
1251 2855 1445 2891 Ausdruck
1476 2855 1551 2889 und
1586 2855 1645 2890 die

1342 2917 1364 2950 8
