1817 3103
95 84 99 87 '
146 76 197 116 12
664 76 710 110 M.
740 75 903 111 TULLII
929 75 1180 111 CICERONIS

142 187 187 224 A.
221 183 374 231 Quam?
406 198 483 224 non
512 187 615 224 enirn
643 187 741 224 novi.
807 186 859 224 M.
894 185 1037 236 Dicam,
1071 186 1101 223 si
1130 190 1279 237 potero⁷
1305 185 1459 238 Latine3
1493 189 1570 226 scis
1598 189 1702 226 enim

143 256 204 282 me
247 243 392 283 Graece
436 245 543 295 loqui
584 246 622 282 in
664 244 801 281 Latino
849 255 1030 282 sermone
1080 256 1155 282 non
1202 244 1289 294 plus
1332 244 1459 283 solere
1507 258 1620 296 quain
1664 248 1704 285 in

143 302 291 341 Graeco
324 302 470 341 Latine.
535 304 578 341 A.
612 302 660 340 Et
698 307 804 340 recte
844 302 1012 352 quidem.
1072 301 1147 340 Sed
1187 314 1284 352 quae
1326 303 1482 342 tandem
1522 310 1582 343 est
1613 304 1703 356 Epi-

143 360 291 400 charmi
323 363 395 400 ista
429 358 653 399 sententia?
717 360 769 398 M.

340 433 481 469 Emori
511 430 612 481 ποῖά,
644 431 717 468 sed
746 442 806 468 me
839 442 923 468 esse
955 430 1152 469 mo'rluum
1186 432 1303 470 nihili
1333 432 1507 471 aestimo.

143 503 187 539 A.
220 502 298 539 lam
333 501 528 552 adgnosco
562 500 766 538 Graecum.
831 500 905 538 Sed
940 502 1123 550 quoniam
1157 503 1320 552 coegisti
1360 508 1403 540 ut
1435 502 1706 554 concederem,

144 561 210 610 qui
242 561 388 598 mortni
422 564 572 610 essent,
605 571 672 597 eos
705 560 871 597 miseros
904 570 981 597 non
1015 571 1119 611 0555,
1158 561 1321 611 perfice,
1355 561 1388 598 si
1420 565 1549 613 potes,
1582 566 1625 599 ut
1657 573 1705 599 ne

88 625 129 656 16
145 618 392 656 moriendum
436 617 592 668 quidem
637 630 723 656 csse
761 619 949 656 miserum
988 624 1133 668 putem.
1198 620 1250 657 M.
1292 619 1368 657 lam
1408 620 1510 658 istuc
1549 619 1706 669 quidem

146 676 241 715 nihil
275 678 419 727 negotii
453 681 523 728 est,
555 678 628 715 sed
658 679 815 715 maiora
847 679 1000 715 molior.
1063 678 1107 715 A.
1144 677 1228 722 Quo
1256 663 1723 716 modom

145 726 247 786 getii
252 707 445 774 ess‘FN
393 740 458 773 aut
491 747 588 785 quae
622 741 714 773 sunt
746 735 900 774 tandem
934 737 1006 773 ista
1039 733 1214 774 maiora?
1280 737 1331 774 Δ11.
1366 736 1482 788 Quia,
1523 737 1706 787 quoniam

145 800 234 845 post
267 800 432 832 monem
466 794 555 832 mali
589 793 683 832 nihil
717 799 787 845 est,
821 806 869 832 ne
902 805 1008 832 m01s
1041 794 1198 844 quidem
1232 800 1292 833 est
1324 795 1486 846 malum,
1519 797 1582 833 cui
1615 807 1707 846 pro-

145 865 306 893 xumum
341 859 495 904 tempus
529 859 588 891 est
620 859 709 903 post
741 858 920 903 mortem,
952 854 990 890 in
1025 865 1101 903 quo
1135 853 1223 891 mali
1256 853 1351 891 nihil
1385 865 1470 892 esse
1504 853 1706 892 concedis:

144 913 196 950 ita
230 923 276 949 ne
310 911 556 949 moriendum
590 911 747 961 quidem
782 923 867 949 esse
901 910 1043 949 malum
1078 918 1153 963 est3
1186 911 1222 949 id
1256 918 1315 950 est
1347 913 1449 950 enim
1477 914 1707 963 pervenien-

143 970 235 1008 dum
275 982 360 1008 esse
401 970 446 1007 ad
487 969 542 1021 id,
585 969 687 1020 quod
728 982 805 1007 non
844 981 929 1007 esse
969 969 1112 1008 malum
1154 971 1397 1009 confitemur.
1461 972 1505 1008 A.
1537 970 1707 1009 Uberius

142 1030 232 1080 ista,
272 1040 440 1079 quaeso3
479 1028 574 1066 haec
614 1029 717 1066 enim
756 1029 975 1081 spinosiora
1012 1030 1123 1078 prius
1161 1034 1203 1067 ut
1242 1030 1427 1067 confitear
1467 1041 1527 1067 me
1562 1034 1708 1080 cogunt

143 1099 258 1137 quam
291 1092 334 1125 ut
361 1086 567 1125 adsentiar.
626 1086 701 1124 Sed
730 1098 827 1137 quae
856 1091 948 1125 sunt
974 1099 1028 1138 ea,
1062 1099 1158 1137 quae
1187 1087 1284 1125 dicis
1312 1093 1349 1126 te
1377 1088 1520 1125 maiora
1549 1085 1708 1126 moliri?

143 1146 197 1184 M.
233 1145 282 1184 Ut
314 1146 485 1197 doceam,
519 1147 550 1183 si
583 1147 742 1196 possim,
775 1158 851 1183 non
887 1145 1000 1183 modo
1034 1145 1177 1183 malum
1210 1158 1287 1183 non
1322 1158 1427 1198 esse,
1460 1145 1527 1184 sed
1560 1145 1707 1185 bonum

143 1206 257 1242 etiam
286 1217 372 1243 esse
400 1210 578 1242 mortem.
644 1205 688 1242 A.
716 1204 800 1242 Non
828 1204 984 1254 postulo
1011 1203 1047 1241 id
1077 1204 1247 1257 quidem,
1274 1217 1367 1243 aveo
1394 1209 1524 1243 tamen
1552 1204 1705 1244 audire:

147 1269 190 1301 ut
224 1265 326 1302 enim
360 1275 437 1301 non
472 1263 616 1301 efficias
651 1263 753 1313 quod
784 1264 850 1314 vis,
883 1268 1011 1301 tamen
1046 1275 1151 1301 mors
1183 1269 1226 1301 ut
1258 1263 1401 1302 malum
1434 1275 1511 1301 non
1545 1265 1594 1302 sit
1627 1263 1707 1301 esli-

144 1323 234 1360 cies.
281 1321 355 1360 Sed
391 1321 485 1359 nihil
519 1327 555 1360 te
584 1321 862 1372 interpellabo:
896 1322 1161 1360 continentem
1190 1323 1404 1360 orationem
1434 1321 1568 1360 audire
1595 1321 1709 1373 malo,

87 1381 198 1418 17M.
233 1378 365 1426 Quid?
407 1381 437 1418 si
472 1386 509 1419 te
543 1392 730 1431 rogavero
764 1380 928 1432 aliquid,
968 1392 1098 1418 nonne
1131 1378 1420 1430 respondebis?
1482 1382 1527 1418 A.
1564 1380 1708 1431 Super-

144 1516 330 1561 serkriege
363 1516 401 1550 111
435 1515 586 1550 Sicilien
619 1517 719 1551 551115
751 1516 885 1551 Komo-

143 1563 229 1598 dien
255 1563 327 1597 auf.
382 1564 428 1597 Er
454 1563 524 1608 gilt
549 1564 603 1598 als
630 1564 796 1598 Erfinder
822 1564 886 1598 der

143 1610 336 1652 Κοωὸᾰίε,
351 1611 435 1644 weil
457 1622 495 1644 er
516 1610 575 1645 die
596 1611 887 1645 einheimisehen

142 1657 283 1692 Possen
314 1657 379 1691 der
411 1657 557 1691 Sikuler
593 1659 713 1691 zuerst
751 1657 887 1692 ausbil-

143 1705 237 1740 dete.
276 1703 360 1738 Sein
382 1704 480 1738 Witz
506 1704 580 1738 und
607 1704 705 1739 seine
727 1704 886 1748 Spruch-

143 1751 314 1786 weisheit
356 1751 556 1792 bewirkte,
608 1751 689 1786 dass
734 1763 772 1786 er
815 1751 888 1786 viel

144 1798 295 1843 gelesen
327 1798 451 1832 wurde
484 1799 558 1832 und
598 1799 693 1832 auch
724 1798 785 1833 bei
817 1798 887 1833 den

144 1846 305 1879 Romern
330 1845 415 1879 frfih
442 1844 615 1890 Eingang
640 1845 738 1880 fand.

191 1896 231 1927 ut
252 1892 388 1935 Siculi,
423 1892 493 1926 wie
520 1892 598 1927 dies
625 1893 695 1927 den
717 1892 888 1927 Sikulern

145 1938 251 1983 eigen
278 1939 334 1973 ist.
386 1939 419 1973 ΙΙ
446 1943 500 1981 27,
529 1943 572 1974 65
608 1943 649 1973 ut
681 1943 730 1974 est
762 1943 890 1984 captus

144 1987 338 2020 hominum.
349 2007 391 2010 —
407 1985 507 2020 Witz
523 1986 596 2020 und
610 1987 750 2021 heitere
763 1986 887 2021 Laune

146 2033 211 2067 dei·
231 2032 379 2067 Sikuler
398 2033 525 2067 riihmt
546 2033 617 2069 Cio.
637 2033 762 2068 ofters.
784 2034 887 2068 Verr.

144 2080 194 2114 IV
221 2083 277 2123 43,
305 2084 349 2114 95
381 2080 591 2124 Numquam
628 2084 700 2115 tam
725 2082 817 2115 male
842 2084 891 2115 est

146 2127 296 2168 Siculis,
322 2127 412 2171 quin
437 2128 580 2171 aliquid
605 2127 717 2170 facete
743 2132 773 2162 ct
800 2138 889 2162 com-

144 2175 245 2208 nzocle
276 2175 411 2209 dicant.
464 2174 508 2207 de
542 2177 633 2209 orat.
663 2175 695 2208 Il
728 2178 789 2217 54,
823 2178 890 2209 217

147 2222 283 2255 Inveni
302 2224 420 2255 autem
440 2221 600 2256 ridicula
614 2225 645 2256 et
659 2223 756 2256 salsa
777 2223 892 2256 multa

147 2267 385 2311 Graecorum,
426 2279 512 2302 nam
550 2272 583 2303 et
620 2268 739 2303 Siculi
776 2270 816 2303 in
854 2279 892 2303 eo

145 2326 269 2359 yenere
295 2335 338 2339 —
365 2316 552 2350 eascellunt.

192 2363 263 2396 scis
288 2362 380 2396 enim
407 2363 475 2396 cet.
521 2362 605 2405 Vgl.
633 2362 678 2397 de
705 2362 763 2398 off.
792 2363 806 2396 I
834 2366 889 2405 31,

149 2413 212 2443 111
253 2419 410 2443 sermone
446 2419 483 2442 eo
518 2410 681 2444 debemus
715 2410 789 2452 uti,
827 2411 892 2453 qni

147 2457 298 2490 innatus
333 2459 382 2490 est
420 2456 541 2497 nobis,
584 2467 627 2490 ne
664 2460 705 2491 ut
742 2457 891 2500 quidam

148 2502 289 2538 Graeca
323 2503 433 2537 verba
463 2504 687 2538 inculcantes
718 2505 798 2538 iure
829 2514 888 2547 op—

146 2551 233 2584 timo
258 2551 453 2584 ricleamur.

195 2596 326 2631 Emori
350 2597 432 2631 nolo
459 2597 527 2632 eet
579 2596 782 2632 Vielleicht
811 2597 889 2631 der-

148 2644 249 2678 selbe
274 2643 390 2686 Ver‚s
423 2644 494 2678 den
527 2642 624 2679 Sext.
658 2644 740 2678 adv
774 2644 889 2678 Math.

147 2691 162 2724 Ι
195 2694 262 2725 273
301 2702 365 2725 aus
394 2690 601 2746 ,Epicharm
644 2702 683 2725 5ο
722 2690 889 2725 anfiihrt:

147 2734 362 2772 αποθανειν
387 2733 410 2780 ἢ
438 2734 623 2771 τεθναναι
651 2735 696 2772 οὔ
722 2750 783 2782 μοι
809 2739 889 2772 δια-

152 2785 271 2828 φέρει
322 2784 365 2819 Η.
389 2783 536 2828 Sauppe
563 2784 629 2818 hat
648 2784 718 2819 den
737 2785 824 2819 Vers
851 2795 890 2818 so

148 2832 312 2876 erg'anzt:
358 2827 572 2865 αποθανεῐν
619 2828 686 2876 οὐχ
733 2828 890 2866 ἁνδάνει

959 1530 1032 1561 μοι,
1058 1514 1244 1550 τεθνάναι
1271 1515 1313 1551 δ’
1340 1514 1382 1551 οὗ
1409 1515 1595 1561 διαφέρει.
1618 1517 1703 1562 Vgl.

960 1563 1079 1598 Plaut.
1103 1563 1205 1607 Capi.
1227 1564 1277 1598 ΙΙΙ
1304 1568 1345 1607 5,
1372 1568 1415 1598 83
1447 1564 1534 1599 Post
1561 1567 1708 1599 mortem

959 1611 1001 1644 in
1023 1613 1133 1644 morte
1149 1611 1240 1645 nihil
1253 1615 1314 1653 est,
1335 1611 1430 1655 quod
1442 1615 1596 1646 metuam
1609 1611 1708 1647 mali.

1007 1658 1117 1691 nihili
1145 1659 1300 1693 aestimo.
1353 1657 1422 1692 Die
1448 1658 1554 1692 Hdss.
1582 1658 1705 1693 haben

960 1705 1054 1738 nihil
1080 1705 1237 1747 aestimo,
1262 1705 1381 1740 wobei
1401 1705 1496 1739 nihil
1522 1705 1709 1740 entweder

961 1752 1016 1785 als
1054 1750 1281 1786 Adverbium
1326 1752 1559 1786 anfzufassen
1595 1755 1706 1796 wilre,

963 1798 1038 1832 ‘ich
1077 1799 1223 1833 sehiitze
1262 1809 1299 1833 es
1338 1809 1404 1843 gar
1439 1798 1572 1841 niefflz’,
1616 1799 1707 1834 oder

962 1845 1016 1879 als
1049 1845 1245 1889 Adjektiv,
1286 1845 1359 1880 ‘ioh
1395 1846 1543 1880 seh‘zitze
1573 1856 1612 1881 es
1648 1846 1707 1880 fiir

962 1891 1112 1935 nichts',
1140 1892 1228 1926 aber
1250 1892 1288 1927 in
1307 1892 1441 1927 beiden
1459 1892 1588 1927 Pallen
1607 1896 1707 1928 wiire

962 1939 1026 1973 der
1069 1939 1262 1974 Ausdruck
1314 1939 1418 1974 nieht
1461 1939 1707 1984 Ciceronisch,

961 1997 1068 2020 wenn
1089 1986 1166 2020 sich
1195 1987 1289 2021 auch
1306 1986 1364 2021 bei
1380 1987 1541 2022 anderen
1556 1985 1708 2021 Schrift-

963 2033 1116 2068 stellern
1130 2033 1320 2068 iihnliehes
1335 2033 1459 2068 findet.
1488 2034 1524 2068 Z.
1539 2033 1580 2068 B.
1595 2033 1706 2068 Plan-

965 2091 1027 2114 cus
1053 2080 1114 2114 bei
1142 2079 1214 2114 Cic.
1243 2081 1289 2115 ad
1315 2081 1400 2115 fam.
1423 2081 1455 2115 X
1476 2085 1508 2122 4,
1536 2084 1556 2114 2
1583 2081 1707 2116 carius

964 2128 1161 2162 aestimare.
1212 2127 1335 2162 Attius
1373 2127 1433 2162 bei
1472 2127 1579 2162 Ribb.
1613 2129 1707 2172 trag.

964 2173 1006 2208 fr.
1052 2186 1085 2208 V.
1119 2177 1188 2209 384
1237 2175 1360 2209 omnia
1409 2175 1486 2209 alia
1536 2175 1708 2209 indelicta

965 2222 1165 2255 aestimant.

1015 2272 1067 2303 16.
1101 2269 1195 2302 nihil
1225 2269 1360 2313 neyotii
1392 2272 1458 2311 est,
1496 2268 1561 2302 ‘ist
1591 2267 1708 2303 leieht

965 2327 1008 2349 zu
1034 2315 1245 2350 beweisenl

1011 2363 1071 2396 cui
1096 2382 1139 2386 —
1160 2366 1244 2406 post
1269 2366 1425 2405 mortem,
1452 2362 1517 2397 auf
1539 2361 1707 2396 welchen

963 2409 1129 2488 l{ogleieh
1162 2410 1220 2444 die
1254 2409 1336 2444 Zeit
1366 2410 1462 2444 nach
1495 2409 1579 2443 dem
1605 2407 1706 2443 Tode

982 2456 1070 2500 olgt.

1007 2504 1123 2546 prius.
1145 2503 1234 2537 Hier
1246 2503 1350 2538 nicht:
1363 2503 1555 2548 temporal.
1583 2503 1615 2537 V
1629 2505 1648 2544 ἓ
1663 2506 1705 2537 77

964 2551 1262 2585 exanimarentur
1281 2551 1391 2594 prius
1415 2561 1523 2595 quam
1550 2570 1590 2574 —
1612 2550 1704 2592 fate—

963 2600 1099 2631 rentur.

1014 2648 1067 2678 17.
1107 2643 1239 2678 Nonne
1276 2644 1512 2688 respondebis.

964 2690 1065 2725 steht
1096 2691 1176 2725 hier
1210 2691 1247 2725 in
1275 2691 1375 2725 einer
1399 2691 1504 2725 mehr
1531 2690 1589 2724 die
1616 2690 1705 2725 Ver-

963 2738 1191 2782 wunderung
1211 2738 1265 2773 als
1285 2738 1344 2772 die
1364 2738 1585 2782 Erwartung
1605 2737 1707 2772 einer

963 2783 1199 2819 Affirmation
1237 2784 1537 2819 ausdriickenden
1576 2785 1705 2828 Frage.

964 2832 1108 2867 Ebenso
1149 2843 1184 2876 p.
1219 2831 1252 2867 S.
1286 2831 1390 2867 Rosc.
1426 2835 1487 2875 29,
1524 2835 1568 2866 80
1608 2831 1706 2876 Quid

1575 2643 1707 2678 Nonne
