1790 3103
344 60 736 97 TUSCULANARUM
764 61 1157 95 DISPUTATIONUM
1188 62 1245 97 lV.
1273 66 1424 95 32—303.
1605 61 1659 101 (39

107 173 212 211 enim
258 171 356 210 malo
395 183 510 222 quam
556 170 739 209 malitiam
784 169 977 221 appellare
1023 182 1124 221 eam,
1169 183 1282 221 qnam
1323 171 1461 209 Graeci
1504 171 1661 209 κακίαν

108 229 320 284 appellant3
359 242 446 268 nam
486 229 628 267 malitia
670 230 766 267 certi
807 227 1009 266 cuiusdam
1050 229 1129 266 vitii
1170 241 1308 266 nomen
1349 235 1425 281 est,
1473 230 1660 267 vitiositas

107 290 280 327 omnium
325 303 396 339 -3
441 300 486 326 ex
533 300 606 338 qua
651 288 897 325 concitantur
941 285 1276 337 perturbationes,
1323 300 1419 337 quae
1465 294 1574 339 sunt,
1619 294 1661 326 ut

107 347 221 399 paulo
255 353 343 385 ante
377 346 557 398 diximus,
592 344 738 383 turbidi
770 347 989 383 animorum
1023 346 1285 394 concitatique
1313 352 1454 395 motus,
1488 348 1613 384 aversi
1640 358 1658 382 a

106 407 257 444 ratione
290 410 329 443 et
361 405 618 442 inimicissimi
653 405 795 442 mentis
822 405 1000 453 vitaeque
1035 402 1276 453 tranquillae.
1330 403 1530 453 inportant
1557 406 1659 442 enim

106 462 371 514 aegritudines
405 464 536 501 anxias
569 468 684 512 atque
718 461 878 500 acerbas
911 463 1139 511 animosque
1173 460 1361 511 adfligunt
1395 467 1429 498 et
1459 461 1661 500 debilitant

106 528 231 572 metu3
272 521 373 560 idem
416 521 656 559 inflammant
688 520 925 570 adpetitione
959 521 1092 570 nimia,
1132 531 1247 569 quam
1287 525 1367 557 tum
1409 519 1659 569 cupiditatem

106 586 188 618 tum
220 579 419 618 libidinem
454 579 636 630 dicimus,
680 580 936 629 inpotentiam
976 577 1168 628 quandam
1202 579 1319 615 animi
1352 590 1370 615 a
1406 580 1659 628 temperantia

105 645 144 677 et
187 638 452 676 moderatione
497 637 709 688 plurimum
754 636 1019 675 dissidentem.
1088 639 1193 681 Quae
1241 638 1271 674 si
1320 635 1474 686 quando
1519 635 1654 686 adepta
1677 645 1720 673 33

105 698 180 735 erit
212 696 268 748 id,
311 696 414 747 quod
452 697 486 733 ei
520 696 639 734 suerit
678 697 946 747 concupitum,
989 701 1070 733 tum
1109 696 1307 733 ecferetur
1346 694 1561 745 alacritate,
1600 692 1659 732 ‘ut

108 755 202 794 nihil
237 757 271 793 ei
304 750 472 793 constet'
506 753 608 804 quod
642 760 746 805 agat,
781 760 821 792 ut
855 754 935 805 ille,
968 755 1035 804 qui
1068 751 1324 804 ‘voluptatem'
1355 754 1470 791 animi
1506 754 1661 791 nimiam

106 825 302 852 summum
335 824 421 851 esse
455 809 646 850 errorem'
681 811 905 850 arbitratur.
969 812 1114 850 Eorum
1149 813 1267 863 igitur
1300 812 1490 849 malorum
1517 814 1554 850 in
1587 824 1660 850 una

105 872 249 910 virtute
282 872 406 922 posita
440 872 587 909 sanatio
621 877 692 909 est.

222 929 322 975 Quid
363 935 491 968 autem
536 934 595 967 est
634 942 709 968 non
758 931 940 968 miserius
979 930 1123 981 solnm,
1169 929 1234 966 sed
1277 928 1428 967 foedius
1469 929 1583 966 etiam
1624 926 1732 966 etlss

103 988 318 1028 deformius
353 1000 467 1038 quam
502 988 746 1039 aegritudine
780 990 867 1039 quis
900 988 1091 1039 adflictus,
1123 987 1359 1039 debilitatus,
1393 984 1552 1025 iacens?
1591 986 1661 1025 Cui

105 1048 285 1085 miseriae
318 1058 535 1097 proxumus
569 1052 628 1085 est
659 1048 704 1098 is,
730 1048 797 1097 qui
823 1046 1140 1098 adpropinquans
1168 1046 1321 1096 aliquod
1351 1045 1494 1084 malum
1521 1047 1661 1083 metuit

102 1107 425 1155 exanimatusque
458 1104 602 1156 pendet
634 1107 762 1143 animi.
826 1105 949 1150 Quam
983 1107 1058 1143 vim
1099 1104 1185 1143 mali
1227 1105 1491 1155 significantes
1523 1108 1661 1155 poetae

101 1163 316 1215 inpendere
344 1163 445 1214 apud
478 1164 625 1201 inferos
658 1176 793 1202 saxum
827 1163 988 1202 Tantalo
1023 1164 1171 1201 faciunt

244 1247 299 1284 Ob
330 1248 487 1284 scema
521 1257 723 1293 (memeque
756 1244 1014 1294 tlepolenliam
1048 1245 1085 1283 ι’ῑ
1116 1245 1536 1293 superbiloqzw'nliam.

99 1327 154 1365 Ea
193 1328 412 1365 communis
450 1338 572 1377 poena
613 1326 800 1365 stultitiae
841 1334 916 1378 est3
960 1326 1142 1365 omnibus
1181 1329 1302 1378 enim,
1343 1339 1510 1377 (piorum
1550 1338 1662 1365 mens

99 1385 285 1424 abhorret
317 1398 337 1422 a
369 1387 536 1436 ratione,
571 1397 726 1435 semper
758 1385 877 1436 aliqui
910 1386 995 1424 talis
1029 1391 1156 1424 terror
1190 1385 1390 1437 inpendet.
1455 1387 1580 1436 Atque
1615 1391 1718 1424 ut36

100 1444 195 1483 haec
239 1443 416 1482 tabificae
461 1445 603 1482 mentis
646 1444 964 1494 perturbationes
1003 1450 1111 1496 suut,

1157 1444 1442 1495 aegritudinem
1489 1444 1576 1482 dico
1623 1450 1661 1482 et

101 1508 261 1554 metum,
294 1504 349 1541 sic
382 1502 587 1541 hilariores
619 1502 718 1554 illae,
752 1503 944 1554 cupiditas
977 1503 1087 1541 avide
1118 1515 1273 1554 semper
1300 1502 1446 1553 aliquid
1474 1508 1661 1554 expetens

101 1567 140 1600 et
171 1562 297 1600 inanis
330 1560 526 1613 alacritas,
564 1561 602 1599 id
642 1567 702 1599 est
743 1561 887 1600 laetitia
920 1563 1111 1612 gestiens,
1154 1574 1230 1599 non
1269 1561 1435 1600 multum
1475 1561 1662 1600 differunt

100 1619 147 1658 ab
180 1621 358 1658 amentia.

100 1683 246 1730 ratum,
291 1677 383 1716 alias
427 1677 664 1730 modestum,

92 1779 277 1824 prudens,
322 1781 538 1822 temperata,
575 1779 700 1821 fortis,
744 1780 843 1814 iusta

98 1827 214 1868 ratio,
246 1837 303 1860 wo
330 1826 494 1860 dadureh
525 1825 584 1860 die
611 1825 688 1860 vier
713 1826 842 1861 Kardi-
872 1845 877 1849 -

98 1872 351 1917 naltugenden
376 1871 634 1907 umschrieben
661 1872 753 1907 sind.

146 1920 290 1954 malitia
322 1919 372 1954 ist
402 1919 462 1954 bei
488 1918 559 1954 cie.
588 1919 647 1954 ein
681 1920 844 1964 Synony-

100 1977 187 2001 mon
212 1977 285 2001 von
305 1967 476 2010 perfidia,
503 1966 546 2000 de
574 1966 671 2001 deor.
697 1968 772 2002 nat.
793 1967 845 2000 III

102 2017 158 2056 30,
187 2017 230 2048 75
263 2017 313 2047 est
344 2014 438 2048 enim
468 2013 612 2048 malitia
644 2017 789 2048 versuta
814 2018 846 2049 et

100 2060 221 2102 fallam
246 2060 343 2095 ratio
367 2060 530 2094 nocendi.

151 2107 408 2151 inpotentiam,
447 2106 554 2141 dafiir
584 2107 744 2142 braueht
770 2107 842 2143 Cic.

102 2153 155 2187 ΙΙΙ
180 2157 212 2197 8,
242 2157 283 2188 17
310 2155 483 2198 nequitia.
505 2174 548 2178 —
575 2154 678 2188 Alles
703 2154 741 2188 in
768 2154 844 2189 die-

102 2210 179 2234 sem
204 2200 355 2245 Kapitel
386 2202 540 2244 gesagte
572 2200 623 2235 ist
660 2213 729 2235 nur
763 2202 844 2236 eine

100 2246 395 2291 Wiederholung
409 2257 480 2282 von
495 2246 621 2282 frfiher
637 2249 842 2292 gesagtem.

148 2297 203 2328 35.
219 2297 259 2328 ut
272 2293 368 2328 nihil
380 2294 413 2328 ei
425 2297 575 2328 constet:
594 2295 686 2329 statut
699 2294 762 2329 des
771 2295 842 2329 Ab·

101 2341 280 2375 straettun
306 2341 518 2384 impotentia
549 2340 634 2375 tritt
659 2341 724 2376 das
752 2340 842 2376 Con-

101 2388 242 2422 cretum
280 2388 313 2422 is
350 2389 414 2432 qni
453 2389 657 2431 inpotentia
694 2389 844 2431 affectus

99 2437 149 2469 est
175 2433 244 2468 ein
296 2434 330 2469 S.
354 2434 490 2476 z.117,
512 2438 566 2470 18.
593 2433 701 2477 V25,
724 2439 778 2470 70.
799 2456 842 2460 -

99 2480 168 2516 Die
194 2480 323 2516 Worte
357 2461 550 2516 enthal’ten
581 2481 663 2516 eine
688 2481 790 2527 Ansp
793 2483 842 2517 ie-

98 2527 190 2572 lung
216 2523 281 2562 auf
303 2526 410 2562 einen
437 2528 528 2562 Vers
557 2528 620 2563 des
645 2528 841 2564 Komikers

99 2573 252 2610 Trabea.
297 2574 381 2619 Vgl.
403 2574 448 2609 de
468 2575 528 2609 fin.
548 2575 581 2609 ΙΙ
607 2578 639 2617 4,
668 2579 712 2610 14
737 2579 843 2611 tanta

99 2621 241 2656 laetitia
261 2625 390 2656 auctus
409 2632 500 2664 sum,
528 2625 569 2656 ut
588 2623 683 2657 nihil
702 2627 844 2660 constet.

146 2668 224 2711 ille,
259 2668 365 2713 jener
401 2668 439 2702 in
471 2669 536 2703 der
567 2667 748 2704 Komtidie
780 2670 844 2705 des

99 2713 255 2751 Trabea.
295 2714 328 2751 S.
357 2715 404 2750 ad
429 2715 515 2750 fam.
542 2715 576 2749 II
603 2718 636 2758 9,
664 2719 684 2750 2
710 2717 751 2751 in
776 2728 845 2761 quo

101 2771 181 2796 eum
206 2762 430 2807 obiuryarer,
456 2763 552 2807 qnocl
575 2762 689 2798 nimio
707 2765 844 2808 yatadio

96 2819 210 2852 paene
246 2809 458 2853 desiperem,
496 2810 551 2844 ita
588 2820 641 2844 me
677 2810 842 2854 defende-

420 1619 477 1657 Ex
511 1632 587 1670 quo
620 1619 861 1670 intellegitur
895 1620 1018 1671 qualis
1050 1620 1113 1658 ille
1148 1622 1197 1658 sit

1205 1652 1214 1670 ‚
1254 1632 1371 1670 quem
1413 1626 1494 1658 tum
1530 1620 1659 1658 mode-

708 1684 789 1717 lam
828 1684 1122 1730 temperantem,
1163 1678 1256 1717 alias
1289 1685 1533 1717 constantem
1567 1691 1658 1716 eon-

917 1780 1015 1814 bam:
1040 1790 1102 1825 eqo
1121 1780 1339 1823 voluptatem
1361 1781 1478 1814 animi
1500 1781 1663 1814 nimiam.

916 1826 1058 1861 Daraus
1097 1827 1162 1861 hat
1194 1827 1349 1871 Bentley
1389 1827 1459 1861 den
1491 1827 1583 1861 Vers
1623 1837 1663 1862 so

917 1873 1151 1917 hergestellt:
1188 1874 1270 1918 Eyo
1304 1874 1521 1918 voluptatem
1547 1874 1665 1908 (inimi

917 1921 1069 1955 nimiam
1108 1923 1285 1955 siinzmum
1322 1932 1392 1955 esse
1423 1931 1576 1956 errorem
1608 1922 1665 1954 ‹ir—

919 1967 1043 2002 bitror.

967 2013 1058 2058 Kap.
1075 2014 1138 2049 16.
1169 2014 1346 2049 Tantalo:
1372 2014 1480 2048 Diese
1507 2024 1578 2048 von
1601 2014 1665 2047 der

918 2060 1183 2096 Homerisehen
1197 2060 1409 2105 Erz‘ahlung
1423 2060 1505 2105 (Od.
1516 2060 1565 2094 XI
1581 2062 1663 2103 582)

918 2107 1181 2142 abweiehende
1208 2107 1451 2152 Darstellung
1477 2108 1541 2141 der
1569 2107 1664 2151 Sage

918 2154 968 2188 ist
1005 2154 1065 2188 bei
1103 2155 1171 2188 den
1211 2155 1463 2198 Philosophen
1507 2154 1565 2188 die
1603 2165 1664 2199 ge-

920 2200 1141 2236 wohnliehe.
1193 2200 1277 2245 Vgl.
1307 2201 1350 2235 de
1383 2201 1442 2235 fin
1471 2201 1486 2235 Ι
1521 2204 1580 2243 18,
1608 2205 1664 2235 60.

918 2247 1022 2282 Luer.
1056 2247 1107 2282 HI
1140 2250 1218 2283 980.
1272 2249 1370 2283 Uber
1405 2249 1473 2282 den
1500 2248 1663 2282 Infinitiv

917 2295 1119 2338 impendere
1144 2295 1205 2329 bei
1229 2295 1320 2348 facit
1347 2306 1373 2331 s
1401 2306 1428 2328 z,
1457 2295 1489 2328 V
1514 2298 1532 2336 ξ
1561 2299 1637 2328 115.

966 2340 1018 2375 Ob
1050 2342 1181 2376 scelera
1213 2343 1349 2376 animi.-
1385 2353 1457 2376 von
1482 2342 1662 2376 welehem

915 2387 1068 2423 Dichter
1089 2388 1153 2423 der
1174 2389 1265 2424 Vers
1284 2389 1345 2431 ist,
1365 2388 1414 2423 ist
1433 2388 1661 2423 unbekannt.

917 2435 1068 2469 Γλῶττα
1095 2432 1301 2476 ἀκόλαστος
1327 2436 1447 2480 geben
1480 2436 1574 2470 anch
1601 2435 1660 2470 die

916 2480 1097 2517 Grieehen
1142 2483 1196 2517 als
1247 2483 1311 2518 das
1355 2482 1548 2527 Vergehen
1597 2482 1661 2516 des

915 2528 1094 2563 Tantalus
1122 2541 1178 2564 an.

963 2580 1018 2610 36.
1045 2577 1149 2611 llaec:
1178 2589 1205 2611 s.
1232 2589 1262 2611 z.
1290 2577 1304 2610 Ι
1333 2581 1387 2619 11,
1415 2580 1469 2610 22.

967 2623 1145 2666 tabificae,
1170 2623 1312 2668 vgi.111
1329 2627 1383 2666 13,
1399 2627 1441 2656 27
1468 2623 1528 2657 secl
1547 2623 1662 2665 aeglri-

918 2670 1006 2704 tudo
1036 2671 1179 2704 maiora
1204 2671 1397 2714 quaedam:
1424 2671 1534 2703 tabem
1544 2696 1553 2710 v.
1581 2679 1661 2702 cru-

917 2717 1065 2759 ciatum,
1094 2717 1386 2760 afflictationem,
1412 2716 1626 2758 foeditatem.

964 2764 1004 2798 icl
1035 2767 1103 2806 est,
1145 2763 1256 2798 ‘denn
1292 2763 1357 2796 das
1391 2761 1504 2796 heisst
1536 2761 1660 2796 doch'.

917 2809 951 2844 S.
980 2822 1024 2844 zu
1049 2809 1101 2844 III
1129 2813 1183 2853 27,
1211 2814 1265 2844 65.
