1790 3103
187 94 243 134 42

152 236 158 244 ,
187 205 361 255 quamvis
394 204 549 254 copiose
583 203 682 243 licet.

702 93 749 128 M.
776 93 935 128 TULLII
963 93 1212 129 CICERONIS

745 203 839 242 Nam
871 210 910 243 et
942 206 1008 255 qui
1042 216 1119 242 non
1151 204 1327 243 levantur
1358 206 1433 256 ipsi
1463 217 1504 244 se
1536 205 1582 244 ad
1614 207 1728 245 mise-

186 265 283 301 riam
321 263 483 301 invitant
522 268 559 300 et
597 265 663 313 qui
702 275 793 301 suos
832 275 944 301 casus
982 262 1094 301 aliter
1132 263 1281 314 ferunt,
1321 269 1437 314 atque
1476 269 1518 302 ut
1549 270 1729 304 auctores

131 360 133 362 ,
187 321 271 360 aliis
308 322 383 372 ipsi
421 321 597 372 suerunt,
641 333 718 359 non
764 327 855 360 sunt
893 322 1113 359 vitiosiores
1153 333 1268 371 quam
1307 322 1388 360 fere
1428 321 1621 375 plerique,
1664 325 1730 374 qui

185 381 289 418 avari
320 392 472 431 avaros,

503 379 645 430 gloriae
679 380 841 430 cupidos
874 379 1033 430 gloriosi
1064 379 1377 432 reprehendunt3
1416 386 1475 419 est
1507 382 1609 419 enim
1642 393 1729 432 pro·

137 448 171 492 „4
185 440 315 490 prium
348 438 533 477 stultitiae
566 438 729 477 aliorum
761 440 851 476 vitia
883 450 1058 490 cernere,
1090 438 1264 476 oblivisci
1290 450 1462 477 suorum.
1519 438 1595 478 Sed
1622 441 1730 478 nimi-

186 509 274 537 rum
305 497 379 536 1106
418 509 639 535 maxumum
679 502 738 535 est
776 498 1102 548 experimentum,
1141 509 1229 535 cum
1267 503 1419 536 constet
1449 498 1732 548 aegritudinem

185 562 376 595 vetustate
416 555 514 607 tolli,
553 555 651 593 hanc
684 556 760 593 vim
793 567 870 593 non
902 567 988 594 esse
1020 557 1059 593 in
1091 555 1152 593 die
1186 557 1367 608 positam,
1406 556 1473 594 sed
1511 557 1551 594 in
1590 558 1731 608 cogita-

185 618 290 654 tione
323 615 518 653 diuturna.

581 613 676 651 Nam
709 615 741 652 si
775 619 813 652 et
845 613 978 652 eadem
1011 626 1074 652 res
1107 619 1167 652 est
1198 619 1237 652 et
1268 613 1372 653 idem
1404 620 1464 653 est
1495 614 1626 667 homo,
1665 616 1733 666 qui

184 679 312 725 potest
345 674 552 724 quicquam
584 671 631 710 de
665 672 796 711 dolore
830 674 991 724 mutari,
1029 674 1061 711 si
1093 685 1219 723 neque
1253 673 1299 711 de
1333 685 1398 725 eo,
1436 679 1596 724 propter
1628 674 1732 725 quod

185 732 299 783 dolet,
332 733 539 782 quicquam
572 737 632 770 est
664 737 854 770 mutatum
894 743 1020 782 neque
1059 731 1105 770 de
1141 743 1203 782 60,
1246 733 1312 782 qui
1350 729 1481 770 dolet?
1543 731 1730 783 Cogitatio

184 792 304 841 igitur
342 790 542 841 diuturna,
582 789 677 828 1111111
716 802 801 828 esse
841 792 880 828 in
920 802 960 828 re
995 790 1099 841 mali,

184 849 430 888 diuturnitas.

112 906 165 948 31

302 908 373 946 Hic
401 907 493 945 mibi
520 907 701 946 adferunt
727 907 1026 946 mediocritates.

1139 789 1263 828 dolori
1299 790 1495 842 medetur,
1534 803 1611 829 non
1649 792 1731 842 ipsa

1090 907 1195 953 Quae
1223 909 1254 946 si
1280 907 1476 946 naturales
1503 914 1605 959 sunt,
1639 907 1732 959 quid

183 979 282 1018 opus
321 972 380 1005 est
419 963 711 1004 consolatione?
756 971 895 1004 natura
934 967 1036 1004 enim
1074 967 1157 1017 ipsa
1196 966 1420 1005 terminabit
1452 966 1628 1018 modum3
1672 968 1732 1005 sin

183 1024 415 1076 opinabiles,
454 1025 583 1075 opinio
623 1030 701 1063 tota
741 1023 908 1063 tollatur.

972 1024 1072 1063 Satis
1112 1024 1259 1063 dictum
1291 1036 1377 1063 esse
1410 1024 1578 1063 arbitror
1609 1027 1730 1077 aegri-

184 1084 360 1122 tudinem
402 1095 488 1121 esse
531 1084 753 1134 opinionem
795 1082 884 1121 mali
928 1085 1164 1136 praesentis,
1208 1085 1247 1121 in
1295 1095 1369 1134 qua
1414 1084 1596 1135 opinione
1637 1083 1731 1123 illud

125 1152 167 1183 75
182 1144 292 1194 insit,
331 1148 372 1181 ut
410 1141 695 1192 aegritudinem
734 1143 934 1192 suscipere
973 1147 1161 1193 oporteat.

1223 1141 1388 1180 Additur
1426 1141 1473 1180 ad
1510 1141 1608 1181 hanc
1641 1142 1731 1181 defi-

182 1203 371 1240 nitionem
404 1213 424 1239 a
455 1200 609 1239 Zenone
643 1206 761 1253 recte,
794 1206 837 1239 ut
868 1200 931 1239 illa
963 1202 1093 1252 opinio
1126 1202 1343 1251 praesentis
1377 1200 1465 1239 mali
1497 1202 1548 1240 sit
1578 1213 1728 1240 recens.

182 1260 263 1299 Hoc
296 1265 425 1298 autem
459 1259 620 1298 verbum
653 1261 708 1298 sic
741 1261 1068 1310 interpretantur,
1102 1265 1144 1298 ut
1176 1272 1253 1298 11011
1287 1265 1436 1298 tantum
1468 1259 1561 1298 illud
1593 1271 1731 1299 recens

182 1331 268 1358 esse
302 1319 437 1370 velint,
477 1318 578 1369 quod
611 1318 724 1369 paulo
758 1325 845 1356 ante
879 1318 1081 1370 acciderit,
1113 1318 1198 1370 sed,
1235 1331 1350 1369 quam
1382 1318 1447 1357 diu
1481 1320 1520 1356 in
1551 1318 1616 1357 illo
1649 1320 1730 1370 opi—

181 1383 270 1416 nato
303 1378 401 1416 malo
435 1379 490 1416 vis
524 1376 712 1428 quaedam
743 1378 852 1428 insit,
892 1382 934 1415 ut
966 1378 1090 1428 vigeat
1128 1383 1166 1415 et
1204 1376 1343 1416 habeat
1374 1377 1566 1427 quandam
1599 1377 1728 1416 viridi-

181 1442 318 1487 tatem,
359 1442 435 1474 tam
468 1437 534 1474 diu
567 1435 783 1487 appelletur
817 1448 965 1475 recens.

226 1538 289 1582 qui
319 1548 393 1572 ‘non
425 1538 607 1579 levamur,
647 1536 807 1571 1161111101]
840 1548 919 1572 con-

178 1585 361 1620 solatione.

226 1642 299 1666 non
336 1635 421 1666 sunt
457 1632 674 1672 vitiosiores,
718 1631 752 1665 (1.
785 1632 807 1665 1.
846 1642 920 1666 ‘non

179 1679 299 1713 minus
323 1679 445 1713 vitiosi
469 1682 563 1713 sant.
611 1678 693 1712 Wie
719 1678 770 1712 im
797 1678 918 1713 [161361-

179 1726 331 1760 nischen
362 1736 434 1760 non
471 1726 585 1769 mayis
611 1745 655 1750 —-
686 1737 792 1770 quam
824 1726 918 1760 611611

180 1773 231 1807 1111
257 1772 368 1807 Sinne
399 1783 471 1808 von
511 1772 745 1807 ‘ehensosehr
776 1793 821 1797 —
847 1773 914 1808 als’

179 1819 384 1864 gebraucht
414 1819 522 1863 wird,
561 1820 694 1854 ebenso
727 1820 820 1855 611611
854 1820 918 1855 (161·

179 1867 422 1911 Komparativ
441 1866 540 1901 eines
555 1866 731 1912 Adjektiv
745 1866 814 1901 mit
833 1878 916 1902 non.

180 1914 224 1948 de
257 1924 328 1948 sen.
357 1917 396 1957 4,
432 1917 472 1947 11
512 1924 575 1948 nec
610 1925 691 1948 vero
729 1915 769 1948 in
806 1915 918 1949 armis

177 1962 422 2004 praestantior
465 1972 571 2004 qaam
614 1962 654 1994 in
696 1965 787 2006 toya.
838 1960 916 1996 Liv.

178 2007 280 2042 XXV
300 2012 356 2048 36,
385 2011 427 2042 14
455 2009 573 2042 luctus
597 2019 640 2042 ex
664 2012 773 2043 morte
798 2019 917 2042 eorum

176 2055 422 2098 (Scipionum)
434 2065 508 2089 non
521 2054 656 2089 Romae
669 2056 796 2097 maior,
810 2066 916 2099 quam

171 2113 239 2146 per
264 2105 373 2137 totam
399 2101 634 2146 Hispaniam.

226 2152 280 2183 74.
307 2160 515 2183 maxumum
547 2152 595 2183 est
621 2149 895 2192 experimentum
905 2163 915 2182 .-

176 2195 241 2229 der
283 2195 493 2241 wichtigste
543 2195 915 2240 Erfahrungsbeweis,

176 2242 339 2276 niimlioh
371 2243 492 2285 dafstr,
527 2242 604 2277 dass
631 2243 696 2277 das
722 2242 915 2277 Nachden-

175 2289 250 2323 ken
274 2289 344 2324 den
369 2289 545 2325 Kummer
570 2290 722 2333 linderb,
757 2290 832 2324 und
858 2300 913 2324 so-

177 2336 246 2370 mit
256 2335 421 2371 derselbe
435 2336 498 2371 auf
509 2337 609 2371 einer
618 2336 843 2381 Einbildung
853 2336 914 2371 be-

176 2382 270 2417 ruht.
306 2383 405 2428 Lage
426 2395 464 2417 er
484 2384 538 2418 als
560 2384 774 2428 notwendig
790 2384 827 2418 in
852 2384 915 2418 der

175 2429 360 2475 Wirkung
398 2430 462 2465 der
501 2430 617 2466 Sache
655 2441 701 2465 an
740 2430 835 2473 sich,
874 2441 912 2465 so

174 2476 313 2512 konnte
340 2477 398 2512 die
424 2477 502 2512 Zeit
526 2477 660 2512 keinen
685 2477 913 2512 mildernden

175 2523 330 2558 Einfiufs
356 2524 493 2568 haben,
527 2524 575 2559 da
607 2524 685 2559 sich
711 2524 769 2558 die
796 2524 913 2559 Sache

173 2570 249 2605 und
293 2571 426 2605 mithin
469 2571 564 2606 auch
607 2570 685 2605 ihre
731 2571 914 2616 Wirkung

175 2617 279 2652 nicht
293 2619 498 2661 verandert,
511 2631 537 2653 s.
555 2621 641 2660 553,
669 2617 757 2652 Dass
778 2619 912 2653 ebenso

175 2664 241 2699 auf
270 2664 328 2699 die
354 2664 592 2710 Vorstellung
625 2665 688 2699 des
714 2664 912 2700 Menschen

175 2711 240 2746 dae
260 2711 511 2747 Nachdenken
536 2712 610 2747 und
629 2712 732 2747 nicht
751 2712 809 2747 die
833 2712 912 2746 Zeit

174 2758 355 2803 einwirkt,
381 2759 472 2804 geht
497 2760 628 2794 daraus
654 2759 803 2803 hervor‚
830 2758 910 2793 dass

174 2805 233 2840 bei
253 2771 433 2841 manchin
453 2806 511 2841 die
531 2798 778 2851 Uberlegung‚
804 2806 910 2847 ratio,

176 2851 343 2888 dasselbe
370 2853 511 2889 schnell
537 2853 708 2896 bewirkt‚
742 2864 817 2888 was
850 2853 909 2888 bei

1028 1435 1077 1474 Ut
1109 1437 1314 1474 Artemisia
1346 1435 1425 1487 illa,
1467 1435 1629 1475 Mausoli
1662 1435 1729 1475 Ca-

993 1536 1131 1571 andern
1157 1536 1215 1570 die
1241 1536 1466 1581 Erfahruug,
1493 1547 1597 1580 usus,
1625 1537 1728 1582 lang·

993 1595 1082 1618 sam.
1134 1582 1167 1617 S.
1196 1586 1214 1625 ἓ
1242 1586 1298 1618 54.

1039 1630 1129 1675 Kap.
1155 1629 1217 1665 31.
1244 1631 1417 1673 adferunt
1440 1631 1541 1673 med„
1566 1630 1728 1666 [1611111611

991 1678 1190 1712 wiederum
1205 1677 1263 1712 die
1275 1677 1556 1722 Peripatetiker,
1571 1689 1596 1712 s.
1608 1682 1660 1722 10,
1670 1681 1724 1712 22.

1037 1728 1174 1759 natura
1205 1725 1298 1759 enim
1330 1726 1398 1760 cet.
1449 1724 1506 1759 Ι)6
1542 1725 1630 1760 aber
1667 1724 1726 1759 die

990 1771 1110 1806 Natur
1147 1771 1224 1805 dies
1267 1771 1369 1807 nicht
1407 1772 1507 1815 thut,
1555 1783 1594 1807 so
1631 1771 1728 1817 folgt

990 1819 1140 1863 claraus,
1191 1818 1269 1853 dass
1319 1818 1378 1853 die
1421 1819 1728 1854 Leidenschaften

990 1865 1093 1900 nicht
1136 1865 1383 1910 naturgemass
1427 1866 1525 1910 sind,
1569 1865 1727 1901 sondern

990 1913 1055 1947 auf
1088 1912 1188 1948 einer
1216 1913 1442 1958 Einbildung
1478 1912 1652 1948 bernhen.
1680 1934 1722 1937 —·

989 1961 1181 1995 terminare
1206 1961 1348 1995 modum
1373 1960 1422 1994 ist
1447 1959 1506 1994 ein
1525 1960 1724 1995 seltenerer

989 2007 1183 2041 Ausdruek
1221 2008 1312 2041 statt
1349 2007 1411 2041 des
1444 2006 1725 2051 gewohnlichen

988 2054 1130 2088 modum
1154 2064 1296 2097 ponere,
1322 2055 1616 2090 circumscribere.

1035 2101 1252 2145 opinabiles:
1273 2100 1337 2134 das
1358 2101 1465 2135 Wort
1484 2100 1626 2135 scheint
1646 2101 1723 2135 sich

990 2147 1061 2182 Cio.
1096 2147 1211 2182 selbst
1241 2147 1406 2192 gebildet
1437 2159 1480 2181 zu
1504 2147 1636 2191 haben,
1662 2160 1725 2182 um

987 2195 1052 2229 das
1072 2194 1302 2239 griechische
1323 2192 1501 2236 δοξαστὸς
1527 2194 1606 2228 ‘auf
1625 2195 1725 2229 einer

987 2241 1211 2286 Einbildung
1266 2240 1469 2276 beruhend’
1526 2241 1722 2276 wiederzu-

987 2289 1116 2333 geben.
1167 2288 1211 2323 de
1232 2288 1302 2323 div.
1325 2290 1338 2323 Ι
1362 2292 1415 2331 14,
1435 2292 1479 2323 24
1502 2299 1625 2324 earum
1643 2289 1723 2324 dico

987 2337 1123 2370 artium
1147 2347 1238 2380 quae
1262 2336 1466 2371 coniectura
1494 2337 1721 2371 continentur

987 2386 1019 2417 et
1043 2386 1128 2417 sant
1152 2383 1360 2427 opinabiles.

1035 2434 1088 2465 75.
1115 2440 1244 2472 recens,
1265 2441 1292 2464 s.
1313 2442 1340 2464 z.
1363 2434 1417 2473 11,
1438 2433 1493 2464 25.
1530 2429 1630 2464 Stob.
1653 2429 1719 2465 ecl.

988 2477 1019 2510 H
1058 2489 1091 2522 p.
1120 2481 1185 2511 170
1223 2475 1263 2511 τὸ
1303 2475 1345 2511 δὲ
1383 2475 1600 2532 πρόσφατον
1637 2473 1721 2511 ἀντὶ

985 2524 1050 2558 τοῦ
1087 2524 1277 2568 κινητικοῦ
1316 2523 1490 2567 συστολῆς
1526 2520 1663 2568 ἀλόγου
1695 2519 1718 2568 ἢ

987 2568 1184 2615 ἐπάρσεως.
1235 2569 1416 2616 Chrysipp
1447 2570 1507 2605 bei
1536 2569 1652 2605 Galen
1683 2570 1717 2605 d.

985 2618 1117 2674 dogm.
1144 2630 1177 2673 p.
1208 2621 1276 2673 416
1321 2618 1460 2672 61111611,
1501 2615 1718 2673 πρόσφατον

985 2664 1052 2699 mit
1076 2679 1116 2700 το
1151 2661 1317 2709 ὑπόγυον
1349 2664 1442 2699 κατὰ
1476 2662 1541 2699 τὸν
1572 2661 1716 2709 χρόνον.

1030 2713 1070 2746 in
1107 2712 1169 2747 illo
1206 2713 1381 2756 opinato„
1391 2712 1501 2754 malo,
1541 2711 1579 2746 in
1613 2711 1719 2757 jener

983 2758 1208 2803 Einbildung
1234 2759 1332 2793 eines
1358 2757 1481 2794 Ubels

1030 2806 1245 2848 Artemisia,
1285 2818 1347 2840 zur
1382 2805 1459 2840 Zeit
1494 2805 1718 2840 Alexanders

983 2853 1047 2888 des
1075 2851 1237 2889 Grossen.
1288 2851 1361 2887 Das
1388 2863 1459 2887 von
1483 2852 1541 2887 ihr
1566 2853 1717 2887 erbaute
