1790 3103
118 359 159 391 19
174 351 277 391 Num
308 364 446 390 manus
478 351 627 390 adfecta
660 356 767 390 recte
800 356 877 402 est,
911 362 999 389 cum
1031 352 1070 388 in
1104 356 1257 388 tumore
1291 355 1367 402 est,
1402 355 1468 389 aut
1499 361 1591 388 num
1622 349 1723 389 aliud

117 1007 160 1037 20
175 999 254 1038 dia:
293 1011 374 1065 qua·
408 999 590 1048 quoniam
623 1003 748 1048 vacat,
787 996 1030 1047 aegritudine
1071 998 1187 1034 etiam
1218 995 1381 1035 vacabit.
1416 1017 1464 1022 —
1499 994 1665 1047 Etenim,
1698 995 1731 1033 si

176 100 231 141 14
696 97 745 134 M.
773 97 931 133 TULLII
958 97 1210 134 CICERONIS

356 210 510 258 Corque
541 221 668 248 meum
696 211 857 258 penitus
889 212 1085 258 turgescit
1116 210 1295 248 tristibus
1327 211 1410 257 iris,

351 280 440 307 cum
473 269 619 307 decore
651 273 770 317 atque
801 270 908 307 omni
937 279 998 307 me
1029 269 1213 307 orbatum
1246 269 1365 306 laude
1398 269 1606 307 recordor.

175 410 383 462 quodpiam
417 409 635 449 membrum
674 409 866 448 tumidum
905 421 948 447 ac
987 408 1187 459 turgidum
1226 421 1303 447 non
1337 409 1472 447 vitiose
1506 420 1547 447 se
1579 406 1729 448 habet?

176 470 240 508 Sic
272 471 392 520 igitur
423 469 579 508 inflatus
612 474 651 507 et
682 473 838 507 tumens
871 469 1022 506 animus
1055 468 1094 505 in
1128 468 1220 506 vitio
1253 472 1324 506 est.
1370 466 1563 518 Sapientis
1596 473 1724 506 autem

175 530 327 568 animus
366 540 520 579 semper
552 533 660 566 vacat
691 528 802 578 vitio,
841 538 1054 578 numquam
1094 528 1300 578 turgescit,
1341 537 1553 577 numquam
1585 531 1727 578 tumet;

175 594 213 626 at
243 589 367 626 iratus
400 588 552 625 animus
585 587 668 624 eius
700 586 806 624 modi
839 591 916 624 est:
949 597 1161 636 numquam
1193 586 1312 634 igitur
1345 586 1499 636 sapiens
1531 585 1724 623 irascitur.

175 646 271 685 Nam
305 647 336 684 si
368 646 568 697 irascitur,
610 646 726 683 etiam
759 645 1012 695 concupiscit.
1075 643 1282 695 Proprium
1317 649 1376 681 est
1407 644 1509 681 enim
1541 644 1630 681 irati
1662 655 1727 682 cu-

174 717 281 757 pere,
313 717 333 742 a
367 716 442 755 quo
476 703 603 742 laesus
635 704 829 754 videatur,
867 705 902 741 ei
941 715 1055 754 quam
1095 714 1319 742 maxumum
1353 701 1526 740 dolorem
1558 703 1728 740 inurere.

176 764 251 809 Qui
284 769 413 802 autem
446 762 483 801 id
518 763 780 814 concupierit,
819 773 908 800 eum
942 774 1103 800 necesse
1137 768 1212 813 est,
1251 763 1283 799 si
1322 760 1358 799 id
1399 766 1635 800 consecutus
1667 761 1729 812 sit,
1770 763 1771 766 ’

175 834 315 873 magno
353 833 471 873 opere
516 821 660 859 laetari.
722 820 779 858 Ex
819 833 896 872 quo
935 821 976 859 fit
1014 826 1057 859 ut
1096 820 1220 859 alieno
1260 819 1360 858 malo
1400 818 1583 872 gaudeat3
1623 817 1728 870 quod

176 882 358 932 quoniam
401 892 478 919 non
521 880 623 919 cadit
663 881 700 918 in
745 881 978 931 sapientem,
1020 891 1068 917 ne
1111 885 1153 918 ut
1191 880 1382 917 irascatur
1421 877 1577 929 quidem
1615 876 1728 916 cadit.

177 940 244 978 Sin
285 946 414 979 autem
453 938 610 977 caderet
648 940 685 976 in
720 940 935 989 sapientem
968 937 1189 989 aegritudo,
1228 937 1385 976 caderet
1424 938 1538 975 etiam
1577 938 1730 975 iracun-

177 1059 333 1108 sapiens
364 1058 403 1095 in
437 1056 721 1107 aegritudinem
754 1055 927 1094 incidere
959 1061 1104 1106 posset,
1135 1061 1267 1106 posset
1300 1055 1414 1093 etiam
1446 1055 1485 1092 in
1511 1055 1731 1092 misericor—

153 1116 298 1185 {diam'
336 1121 470 1167 posset
506 1117 546 1153 in
584 1114 846 1172 Qessfiflm
909 1113 994 1152 Non
1037 1114 1115 1152 dixi
1156 1113 1355 1166 invidiam,
1397 1124 1495 1164 quae
1537 1118 1619 1151 tum
1661 1117 1733 1164 est,

178 1187 267 1214 cum
299 1175 513 1225 invidetur3
546 1173 592 1211 ab
625 1173 832 1212 invidendo
866 1178 995 1212 autem
1028 1172 1239 1211 invidentia
1272 1178 1378 1210 recte
1411 1171 1488 1210 dici
1519 1176 1660 1224 potest,
1685 1176 1730 1209 ut

133 1235 408 1301 geffugiamus
441 1232 664 1283 ambiguum
698 1244 839 1271 nomen
872 1232 1056 1284 invidiae,
1096 1231 1198 1282 quod
1233 1230 1394 1270 verbum
1427 1230 1587 1269 ductum
1621 1234 1680 1268 est
1710 1239 1731 1267 a

123 1261 145 1364 ξ
179 1294 293 1349 nimis
326 1291 514 1353 intuendo
548 1292 742 1330 fortunam
776 1291 948 1343 alterius,
980 1296 1024 1329 ut
1056 1296 1116 1329 est
1148 1292 1186 1328 in
1219 1289 1449 1342 Melanippo,

491 1373 676 1421 Quisnam
706 1376 847 1422 florem
879 1372 1046 1413 liberum
1080 1371 1221 1411 invidit
1252 1374 1408 1411 meum?

990 1533 1047 1567 fiir
1080 1532 1158 1567 sich
1193 1532 1247 1567 als
1279 1531 1365 1566 kein
1390 1524 1484 1566 Ubel
1515 1531 1733 1574 anerkennt,

991 1580 1085 1614 auch
1101 1579 1235 1614 andere
1256 1579 1359 1614 nicht
1371 1578 1621 1621 bemisseiden,
1635 1577 1731 1613 noch

991 1626 1152 1671 weniger
1166 1637 1293 1671 wegen
1316 1626 1497 1660 sittlieher
1512 1625 1660 1668 Sehuld,
1674 1634 1730 1659 wo

223 1546 359 1580 corque.
411 1535 452 1569 Il.
480 1534 528 1568 IX
557 1534 668 1569 646f

177 1590 268 1629 allo}
309 1607 369 1639 μοι
409 1591 601 1628 οἰδάνεται
639 1594 772 1647 κραδίη
811 1590 917 1638 χόλῳ,

554 1636 675 1675 ὅπποτ
723 1637 877 1674 ἐκείνων

177 1686 383 1734 μνήσομαι,
416 1684 464 1728 ὥς
489 1684 529 1733 μ’
558 1684 752 1730 ἀσύφηλον
785 1684 825 1722 ἐν
848 1683 917 1730 Ἀρ-

553 1736 707 1779 γείοισιν
736 1732 871 1778 ἔρεξεν.

226 1799 279 1831 19.
307 1796 348 1829 in
373 1795 461 1829 vitio
487 1798 535 1829 est
560 1811 604 1823 =
631 1794 782 1828 zitiosus
807 1797 864 1828 est.

225 1854 294 1888 Sin
309 1857 428 1889 autem
442 1855 510 1888 cet.
537 1852 599 1887 Bis
613 1853 761 1887 hierher
774 1853 918 1887 scheint

178 1902 242 1936 der
261 1901 402 1936 Beweis
423 1901 485 1935 des
503 1899 700 1944 Dionysius
721 1912 765 1934 zu
785 1900 917 1944 gehen.

176 1949 250 1983 Der
269 1948 444 1993 folgende
464 1946 740 1982 unvermittelte
759 1946 917 1990 Schluss,

177 1995 256 2030 dass
284 1996 347 2029 der
365 1995 501 2039 Weise,
527 2005 633 2029 wenn
660 2005 699 2029 er
722 1994 827 2028 nicht
846 2005 917 2029 von

177 2044 270 2077 Zorn
302 2041 370 2077 frei
403 2041 472 2086 sei,
512 2042 606 2076 auch
637 2052 709 2076 von
741 2041 918 2075 Kummer

176 2090 281 2125 nicht
306 2089 372 2124 frei
394 2089 471 2123 sein
491 2088 627 2131 wiirde,
654 2088 798 2123 scheint
818 2087 917 2122 Cice-

176 2149 236 2173 ros
263 2137 399 2171 Zuthat
424 2148 467 2170 zu
493 2136 580 2170 sein.
619 2136 676 2170 sin
702 2136 802 2170 steht
826 2135 917 2180 hier,

178 2185 273 2219 ohne
300 2183 379 2218 dass
406 2183 486 2218 eine
513 2183 749 2227 Bedingung,
785 2195 828 2216 zu
854 2182 918 2217 der

178 2243 216 2267 es
255 2232 325 2266 den
361 2231 565 2275 Gegensatz
602 2230 737 2273 bildet‚
770 2241 917 2264 vorans-

178 2278 284 2324 geht,
312 2290 337 2312 s.
365 2290 392 2311 z.
420 2278 435 2311 Ι
461 2281 480 2319 ξ
503 2281 578 2312 119.
622 2278 681 2311 sin
706 2277 919 2321 reflantibus

179 2327 223 2360 de
263 2324 321 2360 off.
354 2325 405 2358 ΙΙΙ
440 2328 493 2367 13,
526 2329 569 2359 55
613 2326 672 2358 sin
709 2328 827 2359 autem
864 2325 918 2359 di-

178 2377 273 2408 ctum
297 2383 372 2406 non
397 2382 497 2406 omne
516 2372 779 2416 praestandum
806 2374 864 2407 est.

227 2435 282 2466 20.
314 2430 462 2465 Etenim
487 2429 592 2464 leitet
616 2429 696 2464 hier
720 2430 826 2464 nicht
851 2429 920 2464 den

178 2477 320 2513 Beweis
347 2477 410 2512 des
437 2477 528 2511 eben
553 2478 742 2521 gesagten,
763 2477 919 2511 sondern

180 2525 286 2560 einen
312 2523 532 2559 Fortschritt
561 2525 599 2558 in
632 2524 696 2558 der
728 2525 920 2569 gesamten

179 2571 499 2616 Beweisffihrung‚
540 2571 618 2605 also
658 2571 764 2605 einen
802 2581 919 2606 neuen

179 2619 320 2654 Beweis
370 2619 428 2652 fiir
478 2617 675 2653 denselben
720 2618 804 2652 Satz
849 2618 917 2653 ein.

180 2667 324 2701 Ebenso
351 2665 400 2699 IV
429 2670 482 2708 17,
509 2670 566 2700 40.

226 2726 268 2760 in
304 2725 597 2759 misericordiam.
647 2723 714 2757 Die
752 2723 919 2758 {iusseren

182 2772 311 2817 Dinge,
319 2772 387 2806 wie
403 2772 545 2815 Armut,
555 2769 771 2816 Krankheit,
780 2771 918 2805 Ehren-

180 2819 378 2863 krankung
403 2818 483 2853 sind
503 2818 611 2853 keine
631 2817 735 2862 Ubel,
761 2818 835 2852 und
856 2817 919 2852 der

180 2866 306 2901 Weise
332 2865 423 2900 wird
450 2876 576 2910 wegen
604 2864 751 2909 dessen‚
778 2875 853 2899 was
881 2875 919 2899 er

991 1685 1029 1709 er
1048 1673 1107 1708 die
1131 1673 1250 1708 Strafe
1271 1673 1326 1708 als
1346 1673 1499 1718 gereeht
1517 1672 1730 1708 anerkennt.

1037 1733 1252 1775 invidentia,
1280 1731 1564 1774 ‘Seheelsucht’‚
1589 1731 1639 1766 isi,
1663 1742 1732 1765 nur

991 1779 1050 1814 ein
1075 1790 1146 1814 von
1173 1779 1245 1814 Cic.
1278 1779 1483 1823 gebildetes
1509 1779 1632 1823 Wort,
1666 1778 1730 1812 das

991 1827 1083 1862 auch
1109 1827 1215 1861 nicht
1236 1827 1364 1861 weiter
1388 1826 1426 1860 in
1447 1825 1641 1860 Gebrauch
1667 1836 1729 1870 ge-

990 1874 1164 1909 kommen
1189 1874 1248 1909 ist.

1037 1933 1128 1966 quae
1146 1925 1221 1955 tum
1241 1924 1307 1955 est:
1333 1919 1391 1955 ein
1412 1930 1625 1964 ungenauer
1637 1920 1727 1954 Aus-

991 1968 1123 2012 druek3
1151 1967 1223 2002 Cic.
1245 1968 1371 2002 wollte
1398 1978 1526 2012 sagen:
1555 1965 1728 2001 ‘welches

991 2016 1103 2050 auch
1131 2015 1200 2049 den
1220 2015 1382 2049 Zus'tand
1407 2015 1536 2049 dessen
1561 2013 1746 2055 bezeich-¹

989 2064 1068 2105 net,
1103 2062 1166 2097 der
1197 2062 1369 2096 beneidet
1401 2061 1520 2096 wird’.
1571 2061 1654 2105 Vgl.
1680 2060 1731 2095 IV

1040 2157 1266 2200 Melanippo.
1309 2156 1382 2190 Der
1408 2155 1501 2190 Vers
1526 2154 1644 2189 lautet
1668 2153 1729 2189 bei

990 2205 1084 2239 Non.
1114 2207 1192 2247 500,
1220 2207 1262 2237 13
1300 2203 1395 2237 unde
1433 2205 1497 2237 aut
1527 2202 1608 2246 quis
1638 2212 1730 2236 mor-

991 2252 1076 2286 talis
1107 2252 1227 2294 florem
1260 2251 1409 2285 liberum
1440 2250 1575 2284 invidit
1605 2259 1730 2291 meum,

991 2309 1134 2333 woraus
1160 2297 1326 2332 Ribbeck
1352 2298 1396 2331 tr.
1423 2297 1502 2331 Lat.
1528 2295 1592 2330 rel.
1614 2308 1648 2341 p.
1664 2299 1730 2330 190

991 2345 1056 2379 ihn
1088 2356 1128 2380 so
1160 2344 1378 2390 hergestellt
1407 2344 1491 2378 hat:
1525 2343 1620 2378 unde
1649 2343 1730 2388 quis

993 2403 1067 2427 non
1097 2393 1260 2427 morta'lis
1284 2412 1330 2417 —
1355 2402 1477 2426 meum.
1528 2382 1628 2425 Uber
1659 2389 1730 2424 den

993 2440 1118 2474 Inhalt
1137 2439 1200 2474 des
1217 2438 1370 2473 Stiiekes
1390 2438 1489 2473 steht
1507 2437 1629 2482 wenig
1647 2436 1728 2471 fest.

992 2486 1226 2531 Melanippus
1252 2486 1302 2520 ist
1326 2485 1391 2519 der
1410 2485 1551 2520 Bruder
1575 2484 1639 2518 des
1659 2483 1729 2527 Ty·

994 2534 1098 2577 deus,
1138 2534 1206 2567 den
1246 2532 1364 2568 dieser
1397 2531 1643 2567 unversehens
1674 2541 1728 2565 er·
1784 2570 1785 2576 ¹

993 2581 1124 2625 schlug
1144 2580 1281 2623 (Sehol
1301 2593 1329 2614 z.
1351 2580 1442 2614 Stat
1465 2578 1579 2613 Theb.
1597 2577 1727 2622 1402).

991 2627 1312 2662 Wahrscheinlich
1326 2638 1403 2661 war
1423 2625 1542 2660 damit
1561 2625 1619 2659 die
1633 2624 1727 2670 Sage
1770 2625 1786 2664 'u

991 2675 1216 2721 yerbunden‚
1230 2675 1298 2709 wie
1314 2674 1458 2718 Tydeus
1479 2672 1603 2707 seinen
1616 2671 1727 2707 Vater

994 2715 1132 2765 Oneus,
1173 2721 1238 2756 der
1275 2721 1390 2755 durch
1423 2720 1481 2754 die
1513 2719 1634 2754 Sehne
1663 2718 1726 2752 des

991 2769 1125 2814 Agrius
1152 2769 1216 2803 der
1234 2767 1451 2802 Herrsehaft
1474 2766 1629 2802 beraubt
1654 2764 1725 2818 und

992 2816 1252 2861 eingekeikert
1277 2826 1368 2858 war,
1400 2814 1553 2849 befreite
1583 2812 1657 2847 und
1688 2811 1723 2846 in

991 2863 1050 2898 die
1076 2862 1292 2897 Herrschaft
1315 2861 1450 2896 wieder
1475 2860 1661 2896 einsetzbe.
1725 2872 1727 2883 ¹
