1817 3103
200 102 255 142 62
723 104 772 140 M.
799 104 959 140 TULLII
986 104 1239 140 CICERONIS

288 212 440 260 Mate'r,
474 218 511 252 te
543 217 714 263 appello,
748 214 807 263 tu,
839 228 944 263 quae
975 227 1119 254 curam
1149 216 1284 255 so‘mno
1316 218 1505 266 suspenso
1537 220 1662 267 levas,

287 283 415 319 neque
446 271 486 310 te'
514 275 593 311 mei
622 275 800 312 miseret:
831 273 954 322 surye
985 280 1024 313 et
1053 277 1178 323 sepeli
1207 273 1345 313 na'tum
1377 280 1487 314 tuum

198 375 252 379 —
286 352 381 392 haec
414 366 503 392 eum
534 356 682 405 pressis
715 360 753 393 et
783 355 979 394 flebilibus
1005 356 1148 407 modis,
1181 358 1248 406 qui
1280 358 1373 395 totis
1405 357 1569 396 theatris
1602 360 1756 397 maesti-

196 413 289 450 tiam
321 412 508 464 inferant,
536 414 817 465 concinuntur,
845 413 1001 453 difficile
1035 420 1095 452 est
1127 427 1205 452 non
1237 426 1323 466 eOS,
1350 417 1418 466 qui
1448 416 1640 455 inhumati
1666 418 1758 468 sint,

197 472 363 509 miseros
395 471 568 509 iudicare
603 494 656 497 —

1127 534 1246 581 prius
1277 531 1397 580 quam
1425 532 1544 581 ferae

255 587 516 636 volucresque
548 619 555 626 .

197 679 251 683 —
285 659 426 696 metuit
457 670 505 696 ne
538 659 718 697 laceratis
750 659 938 698 membris
971 661 1100 698 minus
1132 660 1232 699 bene
1266 667 1416 713 utatur3
1460 674 1508 700 ne
1542 662 1761 714 conbustis,

196 728 274 754 non
309 717 529 755 extimescit
560 739 614 744 —

254 810 331 837 neu
364 798 559 847 reliquias
591 801 739 848 quaeso
770 812 878 839 meas
909 803 1028 839 sireis
1061 800 1276 839 denudatis
1309 802 1462 840 o'sse'bus

250 869 328 905 per
360 857 513 896 te'rram
543 861 659 897 sanie
691 858 889 897 de'le'bulas
917 858 1037 907 soe'de
1070 858 1317 898 divesccire’er.

126 950 252 980 107—
284 938 371 977 Non
404 939 587 990 intellego
621 940 715 990 quid
747 946 916 992 metuat,
955 953 1044 979 cum
1076 946 1155 979 tam
1187 940 1312 979 bonos
1345 942 1588 992 septenarios
1621 941 1758 980 fundat

196 997 242 1035 ad
275 997 421 1036 tibiam.
453 1019 499 1024 —
531 998 763 1036 Tenendum
796 1005 856 1037 est
887 1000 1026 1050 igitur,
1060 998 1156 1036 nihil
1183 999 1401 1037 curandum
1427 1011 1513 1038 esse
1539 1001 1629 1050 'post
1653 1011 1755 1037 mor-

194 1061 292 1107 tem,
333 1068 424 1094 cum
463 1056 577 1094 multi
615 1058 795 1095 inimicos
836 1059 952 1095 etiam
991 1062 1168 1095 mortuos
1206 1059 1457 1108 poeniuntur.
1519 1056 1758 1096 Exseoratur

194 1113 407 1152 luculentis
447 1126 538 1153 sane
571 1115 750 1154 versibus
783 1116 885 1166 apud
918 1115 1090 1154 Ennium
1122 1115 1333 1168 Thyestes,
1371 1118 1543 1166 primum
1581 1121 1626 1154 ut
1662 1128 1756 1155 nau-

194 1173 316 1223 fragio
356 1179 492 1223 pereat
523 1173 683 1213 Atreus:
728 1174 871 1213 durum
912 1175 987 1213 hoc
1029 1186 1139 1225 sane3
1184 1174 1271 1213 talis
1313 1176 1417 1213 enim
1456 1176 1640 1214 interitus
1678 1187 1756 1213 non

194 1236 254 1269 est
287 1233 371 1270 sine
405 1233 511 1281 gravi
544 1244 681 1284 sensu3
714 1232 778 1271 illa
809 1235 955 1284 inania,

252 1315 343 1362 Ipse
374 1317 535 1352 summes
566 1314 680 1353 sumis
707 1317 819 1362 fixus
852 1314 1024 1364 asperis,
1058 1313 1321 1363 evisceratus,

251 1371 379 1412 latere
404 1374 603 1421 pendens,
636 1372 742 1412 sa'xa
774 1386 971 1423 sparyens
1003 1372 1112 1421 tabo,
1144 1376 1259 1412 sanie
1291 1378 1329 1412 et
1358 1372 1558 1422 scinqulne
1590 1379 1691 1413 atro.

192 1453 278 1492 Non
310 1456 393 1506 ipsa
427 1466 516 1493 saxa
548 1457 670 1506 magis
704 1468 822 1494 sensu
862 1457 967 1493 omni
999 1454 1192 1494 vacabunt
1231 1467 1347 1506 quarn
1386 1455 1449 1494 ille
1487 1452 1623 1495 ‘latere
1661 1468 1755 1507 pen-

192 1510 316 1564 dens',
349 1515 413 1552 cui
445 1526 486 1552 se
519 1513 581 1552 hic
615 1516 833 1553 cruciatum
867 1520 1001 1552 censet
1041 1519 1188 1564 optare.

977 1572 1078 1611 Illud
1109 1585 1202 1610 vero
1235 1584 1426 1623 perquam
1457 1574 1592 1611 inane:

192 1573 374 1624 sentiret,
407 1572 511 1610 nulla
542 1578 634 1611 sunl
667 1575 751 1611 sine
785 1585 914 1611 sensu.

1252 1514 1359 1559 Quae
1399 1520 1530 1553 essent
1569 1515 1684 1567 dura,
1723 1516 1757 1552 si

251 1653 388 1702 Ne'que
418 1655 676 1702 sepulchrum
708 1655 785 1703 quo'
817 1657 991 1704 receptat
1023 1652 1187 1701 habeat,
1215 1658 1379 1702 portum
1411 1654 1611 1704 corporis,

250 1712 321 1750 ubi
351 1714 518 1751 remissa
551 1711 730 1752 humana
762 1716 843 1752 vita
877 1714 1023 1762 corpus
1055 1711 1286 1761 requiescet
1316 1715 1443 1751 malis.

191 1793 307 1833 Vides
340 1799 484 1845 quanto
518 1793 613 1832 haec
651 1795 691 1832 in
733 1807 868 1833 errore
909 1800 1136 1833 versentur:
1174 1799 1334 1845 portum
1372 1806 1458 1833 esse
1499 1796 1677 1846 eorporis
1715 1800 1756 1834 et

239 1930 361 1954 somno
397 1930 585 1963 suspenso,
625 1920 756 1954 ‘durch
786 1930 934 1963 sorgen-

190 1966 333 2008 vollen,
378 1966 585 2011 unruhigen
631 1966 784 2001 Schlaf’.
840 1966 933 2000 Plin.

192 2024 248 2058 ep.
276 2013 326 2047 VI
352 2017 414 2057 20,
443 2017 485 2048 19
523 2024 732 2058 suspensam
769 2014 934 2047 dubiam-

191 2071 257 2104 que
282 2064 417 2095 noctem
454 2071 515 2104 spe
546 2072 589 2095 ao
619 2064 712 2095 metu
744 2061 932 2104 exegimus.

191 2107 310 2142 Iliona
352 2108 456 2141 hatte
500 2108 615 2142 sehon
658 2108 738 2142 eine
773 2108 936 2151 Ahnung

190 2166 263 2189 von
289 2154 373 2189 dem
399 2155 718 2189 bevorstehenden
741 2154 886 2189 Unheil.

233 2203 388 2246 pressis,
427 2202 620 2245 gehalten,
660 2202 829 2246 langsam
856 2212 935 2235 vor-

191 2250 381 2293 getragen.
435 2247 556 2289 Quint.
595 2248 645 2282 XI
678 2253 710 2291 3,
745 2252 809 2282 111
851 2249 936 2282 aliis

191 2296 278 2330 locis
307 2296 438 2337 citata,
476 2296 579 2329 aliis·
593 2306 722 2339 pressa
754 2296 937 2330 conveniet

186 2343 453 2386 pronuntiatio.
506 2343 589 2386 Vgl.
622 2343 700 2377 Liv.
731 2342 817 2376 VIII
849 2345 887 2384 8,
915 2346 934 2376 9

188 2390 278 2434 pede
303 2399 433 2433 presso.

239 2436 389 2470 theatris
395 2463 405 2479 ,
416 2446 502 2470 vom
512 2436 710 2470 Publikum
719 2436 934 2480 gebraucht,

192 2483 265 2527 vgl.
294 2484 325 2517 ΙΙ
352 2487 414 2525 26,
441 2486 495 2517 64.

241 2534 318 2564 107.
344 2531 582 2574 septenarios:
618 2529 685 2564 Die
712 2529 826 2563 Verse
853 2529 934 2563 sind

187 2576 395 2621 jambische
434 2576 632 2611 Oktonare.
684 2576 757 2611 Der
801 2578 934 2610 Irrtum

191 2623 337 2659 Ciceros
351 2624 418 2658 hat
431 2624 530 2657 wohl
543 2624 648 2657 darin
662 2624 786 2657 seinen
796 2623 934 2665 Gmnd,

191 2670 272 2705 dass
298 2671 357 2705 die
376 2671 512 2705 Romer
537 2671 608 2705 den
634 2671 801 2715 haufiger
824 2681 933 2713 ange-

191 2718 363 2752 wandten
401 2730 464 2752 um
503 2718 583 2752 eine
617 2717 717 2752 Silbe
755 2718 933 2751 kiirzeren

190 2765 490 2800 katalektisohen
503 2765 734 2799 Tetrameter
754 2765 934 2807 Septenar

191 2814 365 2847 nannten.
416 2811 530 2846 Beide
555 2813 669 2846 Arten
695 2823 767 2846 von
792 2810 933 2845 Versen

191 2859 341 2893 wurden
362 2861 468 2894 anter
481 2859 509 2893 F
512 2858 832 2903 lo‘tenbegleitung
851 2869 932 2893 vor-

1008 1922 1197 1964 getragen.
1237 1918 1383 1954 Andere
1408 1919 1531 1954 haben
1555 1918 1636 1954 hier
1663 1919 1752 1964 Sep-

1007 1969 1134 2000 tenare
1160 1966 1361 2000 herstellen
1387 1966 1530 2001 wollen.

1055 2013 1175 2054 sireis,
1225 2013 1301 2047 alte
1351 2013 1462 2048 Form
1510 2012 1569 2046 fiir
1587 2053 1594 2059 ,
1615 2013 1752 2048 siveris

1007 2061 1100 2094 mias
1126 2076 1170 2088 =
1196 2070 1300 2094 meas.

1058 2107 1241 2151 Thyestes,
1283 2107 1465 2141 naehdem
1502 2106 1635 2141 Atreus
1670 2106 1751 2141 ihm

1008 2154 1108 2188 seine
1129 2153 1265 2188 Kinder
1291 2165 1372 2187 zum
1392 2153 1517 2187 Mahle
1542 2153 1753 2197 vorgesetzt

1008 2201 1123 2235 hatte.
1174 2201 1248 2234 Das
1275 2199 1390 2234 Stsiok
1416 2198 1539 2234 fiihrte
1563 2210 1636 2235 von
1656 2200 1752 2244 Thy-

1009 2249 1104 2282 estes
1131 2247 1256 2282 seinen
1282 2247 1437 2281 Namen.

1054 2295 1132 2329 sine
1159 2305 1282 2336 sensu«,
1314 2294 1347 2328 d.
1375 2293 1397 2329 i.
1430 2294 1526 2338 quod
1556 2294 1616 2328 ille
1645 2303 1751 2329 sensu

1008 2345 1115 2376 earet.

1055 2399 1124 2432 quo
1149 2389 1319 2431 recipiat:
1344 2388 1498 2431 recipere
1522 2386 1581 2421 fiir
1603 2397 1640 2421 se
1661 2387 1750 2422 reei-

1004 2446 1089 2479 pere
1113 2435 1161 2469 ist
1185 2434 1311 2478 hitufig
1341 2433 1380 2468 in
1405 2434 1469 2468 der
1494 2432 1636 2468 alteren
1662 2433 1751 2469 Poe-

1008 2482 1071 2517 sie.
1122 2481 1241 2515 Plaut.
1264 2481 1397 2516 Bacch.
1418 2480 1453 2513 II
1473 2485 1506 2524 3,
1522 2484 1566 2515 60
1587 2479 1752 2515 Rursum

1009 2530 1047 2563 in
1080 2532 1228 2573 portum
1265 2529 1469 2572 recipimus.
1519 2528 1618 2562 Aber
1655 2527 1751 2562 auch

1009 2575 1089 2610 Cas
1122 2576 1156 2610 b.
1191 2574 1286 2610 Gall.
1319 2575 1335 2608 Ι
1361 2576 1423 2618 48,
1451 2578 1469 2608 7
1498 2575 1532 2608 si
1568 2584 1637 2618 quo
1674 2577 1752 2608 erat

1007 2623 1150 2667 Ionyius
1168 2622 1424 2666 prodeundum
1449 2624 1513 2655 aut
1532 2621 1680 2656 celerius
1698 2631 1750 2655 re-

1007 2670 1224 2713 cipiendum.

1054 2717 1139 2751 leaeo
1163 2718 1204 2750 in
1229 2726 1347 2750 errore
1372 2725 1478 2757 vers„
1504 2725 1578 2749 von
1597 2714 1661 2748 der
1680 2712 1750 2748 fal-

1007 2764 1120 2798 sohen
1145 2762 1385 2807 Vorstellung
1409 2762 1557 2806 gesagt,
1593 2760 1688 2795 auch
1714 2760 1749 2797 d.

1006 2810 1039 2844 d.
1065 2811 1141 2844 nat.
1168 2809 1219 2843 III
1248 2814 1306 2852 10,
1343 2812 1388 2844 25
1425 2809 1511 2843 haec
1549 2808 1673 2843 omnia
1707 2807 1750 2842 in

1005 2858 1123 2892 eodem
1148 2877 1193 2882 —
1218 2867 1337 2892 errore
1360 2858 1562 2891 versantur.
