1790 3103
61 671 104 701 33

55 1116 107 1156 15

63 1167 106 1197 31

120 83 174 125 68
636 83 684 118 M.
710 82 874 118 TULLII
901 82 1152 119 CICERONIS

119 199 159 232 et
190 195 293 234 inter
319 192 481 231 hebetes
508 194 691 244 interest,
724 193 826 243 quod
854 194 1063 244 ingeniosi,
1097 199 1140 231 ut
1171 204 1236 231 aes
1263 193 1508 233 Corinthium
1542 196 1582 232 in
1614 206 1674 233 ae-

120 253 317 304 ruginem,
349 253 404 290 sic
431 251 485 290 illi
511 253 550 290 in
577 251 757 290 morbum
784 258 823 289 et
854 251 1032 289 incidunt
1059 251 1207 289 tardius
1234 257 1273 290 et
1299 258 1529 291 recreantur
1555 254 1678 305 ocius,

121 310 282 349 hebetes
316 322 392 348 non
425 311 530 348 item.
587 310 665 348 Nec
695 322 786 348 vero
814 311 851 347 in
880 321 1034 347 omnem
1061 309 1242 348 morbum
1269 322 1313 348 ac
1340 310 1677 361 perturbationem

120 371 273 408 animus
305 370 497 420 ingeniosi
529 369 649 420 cadit3
682 381 760 406 uon
787 369 890 406 enim
918 369 957 405 in
986 366 1059 405 ulla
1087 368 1255 406 ecferata
1283 375 1322 407 et
1347 370 1529 422 inmania,
1562 381 1676 420 quae—

120 428 207 467 dam
240 434 369 467 autem
402 427 653 466 humanitatis
687 439 843 477 quoque
871 425 1015 464 habent
1041 427 1205 477 primam
1232 428 1422 480 speciem,
1455 434 1498 466 ut
1530 429 1678 467 miseri-

121 486 270 538 cordia,
297 487 520 538 aegritudo,
546 492 686 524 metus.
744 485 1041 535 Aegrotationes
1068 490 1198 523 autem
1226 485 1431 536 morbique
1458 487 1678 525 animorum

120 545 317 584 difficilius
350 545 461 583 evelli
494 556 609 595 posse
643 549 831 594 putantur
869 555 986 593 quam
1025 556 1176 581 summa
1214 543 1277 582 illa
1318 546 1426 596 vitia,
1465 557 1564 595 quae
1604 546 1679 583 vir-

123 603 271 643 tutibus
304 609 396 642 sunt
428 604 640 653 contraria,
681 601 828 640 morbis
861 603 965 639 enim
998 601 1247 640 manentibus
1280 604 1371 641 vitia
1403 602 1553 642 sublata
1592 615 1678 642 esse

120 668 303 714 possunt,
337 664 403 712 qui
431 674 507 699 non
536 668 613 700 tam
640 661 822 699 celeriter
849 666 1036 699 sanantur
1064 673 1180 711 quam
1206 661 1268 699 illa
1296 661 1499 700 tolluntur.
1551 661 1679 700 Habes

121 734 182 772 ea,
233 733 332 771 quae
382 720 429 758 de
480 719 844 771 perturbatiOnibus
895 719 1097 758 enucleate
1144 719 1345 770 disputant
1391 720 1529 772 Stoici,
1580 732 1679 771 quae

119 774 273 830 λογικά
306 779 519 831 appellant,
558 780 647 829 quia
686 779 937 817 disseruntur
970 777 1164 817 subtilius.
1228 778 1283 816 Ex
1317 778 1460 829 quibus
1494 780 1680 830 quoniam

120 845 317 888 tamquam
351 850 396 876 ex
431 838 672 888 scrupulosis
706 837 859 876 cotibus
899 838 1115 887 enavigavit
1153 839 1296 888 oratio,
1335 838 1508 888 reliquae
1548 837 1678 889 dispu-

121 899 278 936 tationis
311 909 471 935 cursum
506 903 726 948 teneamuS,
760 895 873 933 modo
907 897 1000 934 satis
1041 895 1103 933 illa
1143 895 1312 934 dilucide
1353 896 1567 935 dixerimus
1607 907 1678 947 pro

120 968 254 994 rerum
288 955 538 993 obscuritate.
601 956 645 993 Α.
679 954 848 993 Prorsus
882 955 994 1005 satis,
1026 954 1093 992 sed
1128 956 1159 992 si
1187 966 1285 1004 quae
1313 954 1538 1004 diligentius
1565 961 1682 993 erunt

119 1014 409 1065 cognoscenda,
443 1025 678 1064 quaeremus
711 1012 821 1051 alias:
856 1024 959 1051 nunc
994 1011 1094 1064 vela,
1128 1024 1226 1062 quae
1259 1012 1373 1050 modo
1407 1012 1583 1065 dicebas,
1617 1025 1679 1051 ex-

121 1077 344 1124 spectamus
378 1078 416 1110 et
449 1084 620 1110 cursum.

241 1132 294 1169 M.
329 1130 510 1182 Quando,
549 1136 592 1169 ut
628 1130 712 1168 aliis
746 1130 840 1168 locis
873 1130 919 1167 de
954 1131 1098 1168 virtute
1133 1135 1171 1168 et
1203 1129 1372 1168 diximus
1406 1135 1444 1168 et
1477 1141 1591 1181 saepe
1625 1130 1681 1168 di·

121 1190 290 1229 cendum
322 1191 398 1228 erit
428 1212 476 1215 —
507 1189 718 1240 pleraeque
752 1190 855 1227 enim
889 1189 1158 1240 quaestiones,
1192 1200 1290 1239 quae
1318 1188 1364 1226 ad
1393 1190 1508 1227 vitam
1535 1200 1681 1226 mores-

121 1262 197 1300 que
230 1250 447 1300 pertinent,
481 1261 501 1286 a
534 1249 689 1287 virtutis
723 1248 828 1286 sonte
863 1247 1062 1285 ducuntur
1100 1268 1169 1297 —,
1203 1247 1357 1297 quando
1400 1249 1519 1298 igitur
1558 1248 1682 1286 virtus

121 1314 181 1346 est
212 1308 380 1346 adfectio
413 1308 531 1345 animi
565 1313 750 1345 constans
783 1307 1117 1357 conveniensque,
1149 1304 1363 1344 laudabiles
1397 1306 1571 1344 efficiens
1604 1317 1682 1358 eos,

121 1368 160 1405 in
193 1366 337 1418 quibus
371 1373 447 1417 est,
481 1372 520 1404 et
552 1367 635 1417 ipsa
668 1378 738 1416 per
771 1378 829 1416 se,
863 1377 932 1403 sua
965 1370 1122 1416 sponte,
1156 1369 1333 1414 separata
1368 1366 1483 1403 etiam
1516 1363 1682 1403 utilitate

122 1424 336 1477 laudabilis,
364 1437 409 1463 ex
438 1437 481 1463 ea
508 1425 816 1475 proficiscuntur
837 1423 1022 1461 honestae
1050 1423 1280 1474 voluntates,
1308 1424 1537 1474 sententiae,
1564 1424 1682 1462 actio·

122 1496 191 1522 nes
224 1485 429 1534 omnisque
463 1489 570 1522 recta
603 1484 720 1535 ratio,
760 1494 996 1533 quamquam
1038 1483 1122 1533 ipsa
1154 1483 1280 1519 virtus
1313 1481 1543 1520 brevissime
1577 1487 1683 1520 recta

123 1545 220 1581 ratio
248 1543 324 1580 dici
351 1548 491 1593 potest.
543 1541 669 1580 Huius
696 1543 815 1591 igitur
843 1542 999 1579 virtutis
1026 1542 1221 1579 contraria
1249 1546 1309 1578 est
1335 1541 1526 1579 vitiositas
1548 1563 1601 1567 —
1626 1541 1682 1578 sic

123 1667 310 1712 respiceret
320 1680 331 1708 ,·
369 1667 473 1701 illum
506 1669 624 1700 autem
655 1666 695 1701 id
728 1667 869 1700 diutius

123 1715 239 1758 facere
250 1716 313 1759 (se.
330 1725 403 1749 non
415 1714 604 1758 respicere)
614 1724 687 1748 non
696 1714 866 1757 potuisse.

172 1765 228 1796 32.
256 1765 288 1796 et
307 1762 401 1796 inter
420 1761 563 1795 hebetes.
609 1760 676 1795 Die
697 1760 870 1805 Prtiposi-

124 1808 204 1843 tion
231 1807 322 1842 wird
348 1807 583 1851 wiederholi,
617 1819 679 1841 um
711 1807 770 1842 die
803 1807 867 1842 Be-

125 1855 231 1900 griffe
257 1855 464 1890 deutlicher
484 1867 528 1889 zu
549 1854 740 1896 scheiden3
768 1854 868 1889 diese

126 1902 419 1946 Vt'iederholung
456 1901 505 1935 ist
543 1901 771 1936 namentlich
809 1902 868 1936 bei

126 1950 271 1984 interest
297 1949 432 1993 hiiufig.
484 1948 528 1982 de
548 1948 611 1982 fat.
637 1952 670 1992 9,
693 1953 734 1982 19
761 1949 869 1983 inter-

126 2000 176 2031 est
201 1996 296 2030 inter
320 2006 450 2031 causas
473 1996 627 2038 fortuito
648 1999 871 2040 antegressas

128 2047 159 2078 et
184 2044 279 2077 inter
305 2053 435 2078 causas
460 2043 667 2078 cohibentes.

174 2091 226 2125 sie
252 2091 325 2132 illi,
352 2101 378 2124 s.
406 2101 434 2124 z.
462 2089 512 2123 III
539 2093 558 2131 g
586 2093 640 2124 71.

174 2137 306 2172 hebetes
331 2147 405 2172 ozon
430 2137 522 2170 item.
574 2136 656 2180 Vgl.
684 2136 716 2170 V
743 2140 798 2179 24,
827 2139 869 2170 68

127 2185 244 2219 tardis
269 2184 363 2218 enim
388 2183 566 2218 mentibus
586 2185 701 2218 virtus
720 2194 794 2218 non
812 2184 869 2226 sa-

128 2232 193 2266 eile
218 2232 420 2266 comitatur.

174 2288 313 2312 summa
344 2278 411 2312 illa
444 2278 553 2312 vitia:
597 2277 764 2321 gemeint
788 2276 870 2311 sind

128 2338 156 2360 z.
177 2323 217 2360 B.
239 2323 425 2368 Feigheit,
447 2323 788 2368 Ungerechtigkeit.
835 2323 869 2358 S.

130 2384 158 2405 z.
189 2375 248 2414 13,
276 2374 331 2405 30.

176 2422 230 2453 33.
258 2418 454 2459 enucleate,
474 2417 512 2451 in
532 2418 699 2462 knapper
712 2416 870 2451 Beweis-

128 2465 299 2510 ftihrung.
352 2474 402 2500 or.
430 2468 486 2508 26,
514 2468 556 2498 91
592 2467 641 2498 est
673 2465 767 2498 enim
793 2464 869 2508 ple—

128 2514 214 2547 nius
239 2523 346 2556 quam
372 2512 435 2546 hoc
459 2512 693 2546 enucleatum.

176 2570 267 2603 quae
292 2560 408 2603 logica
428 2559 631 2602 appellant,
655 2557 708 2591 im
728 2558 869 2602 Gegen-

129 2608 207 2640 satz
232 2617 275 2639 zu
294 2602 591 2649 θεραπευτικόν,
619 2616 645 2638 S.
667 2603 760 2638 Einl.
780 2607 799 2646 ξ
813 2609 868 2639 29.

177 2663 321 2688 cursum
363 2656 559 2694 teneamus,
600 2652 671 2686 den
708 2651 869 2696 geraden

130 2700 227 2745 XVeg
244 2699 478 2742 innehalten‚
504 2699 608 2733 nieht
626 2710 710 2734 vom
730 2697 871 2733 Thema

130 2746 388 2781 abschweifen.

177 2794 279 2828 modo
305 2793 456 2828 dicebas.
511 2793 545 2828 S.
573 2797 611 2837 4,
639 2796 669 2827 9.

177 2840 269 2884 Kap.
282 2840 342 2875 15.
365 2844 419 2874 34.
436 2840 591 2886 Quando
606 2841 697 2874 statt
708 2839 870 2884 quando-

941 1665 1082 1709 quidem
1109 1665 1196 1699 oder
1222 1666 1394 1709 quoniam
1413 1664 1483 1699 mit
1502 1663 1604 1700 einer
1623 1675 1684 1710 ge-

942 1712 1072 1747 wissen
1098 1712 1311 1756 Beziehung
1340 1711 1406 1746 auf
1433 1712 1493 1747 die
1526 1711 1606 1747 Zeita
1636 1711 1686 1747 ist

942 1759 1060 1794 selben
1086 1759 1146 1793 bei
1167 1758 1259 1803 Cic„
1286 1759 1359 1804 vgl.
1381 1759 1425 1794 de
1452 1759 1551 1794 deor.
1571 1771 1607 1794 n.
1632 1758 1685 1792 III

945 1810 998 1851 17,
1026 1810 1069 1840 43
1110 1807 1256 1850 quando
1293 1807 1387 1841 enim
1424 1817 1477 1842 me
1515 1807 1555 1841 in
1591 1806 1688 1841 hunc

942 1854 1057 1888 locum
1083 1854 1234 1888 deduscit
1260 1854 1389 1888 oratio.

991 1901 1136 1934 virtutis
1160 1901 1276 1943 fonte,
1304 1900 1396 1935 fiber
1428 1900 1500 1934 den
1526 1899 1684 1935 Genetiv

943 1960 969 1982 s.
996 1960 1023 1983 Z.
1053 1948 1065 1980 Ι
1096 1951 1156 1992 15,
1182 1951 1237 1982 34.

991 1994 1146 2037 adfectio
1183 1995 1317 2036 animi,
1362 1994 1457 2028 nach
1496 1993 1561 2028 der
1599 1993 1687 2028 stoi-

944 2041 1054 2076 schen
1091 2041 1309 2084 Definition,
1348 2054 1372 2075 s.
1411 2041 1512 2075 Stob.
1549 2040 1615 2075 ecl.
1654 2040 1686 2074 ΙΙ

942 2101 976 2132 p.
1015 2091 1080 2122 104
1116 2085 1340 2131 Κοινότερον
1372 2086 1413 2122 δὲ
1447 2084 1515 2130 τὴν
1547 2084 1685 2131 ἀρετὴν

943 2133 1119 2169 διάθεσιν
1146 2132 1248 2169 εἷναί
1270 2146 1364 2188 φασι
1389 2135 1513 2179 ψυχῆς
1534 2131 1684 2178 σύμφω-

942 2195 1009 2216 νον
1035 2178 1131 2225 αὑτῇ
1157 2182 1241 2225 περὶ
1268 2179 1355 2216 όλον
1381 2178 1447 2216 τὸν
1473 2181 1564 2226 βίον.

990 2230 1073 2273 ipsa
1093 2239 1160 2273 per
1178 2240 1213 2263 se
1231 2239 1299 2263 sua
1319 2232 1461 2273 sponte:
1487 2227 1568 2262 eine
1589 2227 1683 2263 drei-

944 2276 1050 2310 fache
1072 2275 1292 2320 Steigerung
1319 2276 1383 2310 des
1403 2274 1582 2320 Begriffes
1605 2275 1682 2309 ‘um

943 2323 1044 2357 ihrer
1075 2321 1189 2357 selbs‘c
1213 2322 1365 2357 willen’.
1417 2322 1461 2357 de
1487 2322 1520 2356 d.
1548 2323 1623 2356 nat.
1650 2321 1683 2355 II

947 2374 1006 2411 11,
1045 2373 1087 2404 31
1122 2370 1337 2413 praesertim
1375 2380 1455 2404 eum
1491 2370 1523 2404 is
1561 2370 1683 2412 ardor,

943 2418 1006 2461 qui
1031 2420 1081 2451 est
1099 2417 1244 2459 mundi,
1269 2427 1343 2451 non
1362 2417 1523 2461 agitatus
1543 2416 1588 2451 ab
1607 2416 1682 2451 alio

942 2475 1054 2508 neque
1096 2467 1241 2499 externo
1278 2464 1410 2507 pulsu,
1453 2464 1513 2498 sed
1545 2474 1612 2508 per
1649 2473 1684 2498 se

942 2512 1018 2555 ipse
1037 2521 1080 2545 ac
1098 2521 1167 2545 sua
1185 2515 1309 2555 sponte
1328 2513 1521 2545 moveatur.
1547 2530 1588 2535 —
1609 2508 1683 2544 Der

944 2558 1029 2593 Satz
1067 2557 1201 2591 driicktz
1238 2557 1308 2591 den
1353 2557 1557 2601 Gegensatz
1599 2556 1683 2591 zwi-

943 2604 1055 2639 sehen
1071 2603 1245 2639 Stoikern
1265 2604 1339 2638 und
1353 2603 1583 2649 Epikureeru
1605 2614 1682 2647 aus,
1720 2634 1726 2637 .

943 2652 990 2686 da
1022 2650 1081 2685 die
1119 2651 1295 2686 letzteren
1331 2651 1389 2685 die
1422 2650 1577 2695 Tugend
1614 2662 1684 2685 nur

942 2710 1004 2732 um
1036 2698 1100 2732 der
1131 2697 1221 2733 Lust
1254 2697 1380 2732 willen
1417 2698 1533 2743 getibt
1570 2697 1682 2732 sehen

942 2744 1104 2779 wollten.

989 2795 1085 2827 reeta
1122 2792 1235 2833 ratio,
1273 2791 1332 2826 die
1369 2790 1527 2835 richtige
1559 2790 1683 2825 Hand-

941 2837 1179 2883 lungsweise⁷
1212 2838 1286 2883 vgl.
1320 2838 1364 2873 de
1390 2837 1450 2873 fin.
1483 2838 1516 2872 V
1549 2841 1605 2882 21,
1637 2840 1681 2872 58
