1790 3103
278 97 669 133 TUSCULANARUM
698 97 1095 133 DISPUTATIONUM
1124 100 1182 134 ΙΙΙ.
1211 104 1359 135 70-73.
1539 100 1593 140 41

56 208 160 247 Haec
201 220 288 246 cum
331 207 545 258 disputant,
587 207 659 245 hoc
701 207 858 245 student
899 207 1072 258 efficere,
1115 214 1273 247 naturae
1315 210 1450 248 obsisti
1492 210 1596 248 nullo

57 267 169 306 modo
199 278 333 318 posse:
364 271 403 304 et
436 272 562 305 tamen
590 268 760 304 fatentur
785 267 982 316 graviores
1008 267 1270 316 aegritudines
1297 271 1453 319 suscipi,
1483 281 1598 319 quam

56 331 193 364 natura
231 331 352 376 cogat.
416 324 521 370 Quae
560 330 619 363 est
656 326 774 376 igitur
811 321 1006 362 amentia?
1045 329 1087 362 ut
1127 337 1196 362 uos
1229 338 1384 376 quoque
1418 328 1518 365 idem
1551 326 1597 365 ab

55 383 130 423 illis
163 385 418 434 requiramus.

176 441 249 480 Sed
283 442 414 493 plures
446 448 538 480 sunt
569 453 706 480 causae
738 440 974 492 suscipiendi
1010 441 1164 480 doloris.
1221 441 1394 479 Primum
1427 442 1488 480 illa
1520 445 1599 493 opi·
1615 452 1658 483 72

57 503 120 540 nio
154 500 253 552 mali,
286 513 361 550 quo
394 502 474 539 viso
507 506 621 551 atque
654 511 839 550 persuaso
873 499 1073 550 aegritudo
1106 501 1326 550 insequitur
1360 503 1601 552 necessari03

57 559 195 598 deinde
234 560 349 598 etiarn
387 565 538 609 gratum
576 559 741 596 mortuis
778 570 818 596 se
858 559 1002 609 facere,
1047 560 1078 596 si
1123 559 1291 609 graviter
1330 571 1396 597 eos
1434 558 1602 610 lugeant,

57 617 307 657 arbitrantur.
377 617 534 656 Accedit
583 618 808 667 superstitio
860 616 1061 655 muliebris
1111 616 1316 668 quaedam3
1367 619 1603 656 existumant

59 678 162 716 enim
203 676 261 715 dis
302 675 570 715 inmortalibus
611 687 652 714 se
695 675 845 714 facilius
885 677 978 713 satis
1019 676 1207 726 facturos,
1248 677 1280 714 si
1319 688 1454 714 eorum
1494 675 1603 726 plaga

59 735 230 786 perculsi
262 734 436 773 adflictos
468 746 508 772 se
548 740 587 773 et
625 739 766 772 stratos
805 746 890 772 esse
923 734 1126 772 fateantur.
1191 734 1266 772 Sed
1300 734 1393 772 haec
1425 736 1528 773 inter
1560 747 1603 772 se

61 805 174 844 quam
202 799 421 844 repugnent
446 793 621 843 plerique
648 805 725 831 non
752 793 893 831 vident.
950 792 1124 831 Laudant
1150 794 1252 831 enim
1279 805 1357 844 eos,
1387 795 1452 843 qui
1479 805 1602 843 aequo

60 853 185 890 animo
224 853 456 902 moriantur-3
500 853 567 902 qui
604 851 763 889 alterius
808 858 972 890 mortem
1017 863 1140 901 aequo
1184 853 1311 889 animo
1351 852 1492 902 ferant,
1537 863 1604 889 eos

61 916 197 962 putant
228 910 514 961 vituperandos.
579 910 696 955 Quasi
729 911 813 948 fieri
846 910 922 948 ullo
955 909 1068 948 modo
1107 911 1246 961 possit,
1284 910 1385 960 quod
1426 911 1463 947 in
1503 922 1603 948 ama-

59 971 160 1008 torio
193 981 371 1007 sermone
405 969 481 1007 dici
507 969 616 1020 solet,
647 973 690 1007 ut
717 971 921 1020 quisquam
946 969 1035 1020 plus
1061 968 1225 1006 alterum
1252 968 1384 1019 diligat
1409 980 1525 1019 quam
1551 980 1604 1006 se.

60 1027 307 1066 Praeclarum
340 1027 432 1066 illud
467 1034 526 1066 est
557 1033 612 1080 et,
651 1029 684 1066 si
716 1029 893 1080 quaeris,
931 1034 1080 1066 rectum
1113 1039 1268 1077 quoque
1303 1034 1340 1065 et
1373 1038 1526 1078 verum,
1560 1035 1602 1065 ut
1619 1037 1663 1068 73

61 1099 139 1139 eos,
172 1087 236 1137 qui
270 1085 381 1124 nobis
413 1088 603 1125 carissimi
634 1098 719 1125 esse
752 1086 929 1137 debeant,
961 1098 1083 1137 aeque
1116 1098 1160 1124 ac
1192 1092 1344 1124 nosmet
1369 1087 1475 1136 ipsos
1501 1097 1602 1124 ame-

61 1157 165 1197 mus,
203 1151 246 1183 ut
278 1157 368 1183 vero
402 1145 504 1197 plus,
537 1146 621 1183 fieri
652 1145 757 1183 nullo
790 1151 901 1196 pacto
934 1150 1079 1195 potest:
1121 1157 1168 1182 ne
1202 1144 1412 1195 optandum
1447 1144 1604 1194 quidem

60 1209 120 1243 est
161 1205 200 1242 in
238 1204 421 1255 amicitia,
459 1210 501 1242 ut
539 1216 598 1242 me
636 1203 698 1242 ille
736 1203 823 1254 plus
861 1215 975 1254 quam
1015 1215 1073 1254 se,
1111 1215 1181 1253 ego
1218 1202 1327 1241 illum
1363 1202 1451 1253 plus
1489 1214 1604 1253 quam

61 1274 139 1301 me:
176 1261 418 1313 perturbatio
451 1264 568 1314 vitae,
608 1264 639 1300 si
670 1264 721 1300 ita
755 1263 820 1313 sit,
860 1267 974 1312 atque
1014 1262 1230 1299 officiorum
1264 1263 1437 1299 omnium
1470 1273 1604 1299 eonse-

61 1326 212 1372 quatur.
276 1319 350 1358 Sed
384 1319 430 1358 de
463 1320 535 1359 hoc
568 1320 677 1359 alias:
710 1333 813 1359 nunc
846 1320 940 1359 illud
973 1321 1065 1359 satis
1098 1326 1169 1370 est,
1202 1332 1278 1358 non
1313 1319 1527 1358 attribuere
1560 1320 1606 1357 ad

61 1380 307 1418 amissionem
340 1380 553 1418 amicorum
587 1380 780 1418 miseriam
814 1385 1004 1431 nostram,
1042 1391 1090 1417 ne
1128 1378 1214 1417 illos
1252 1378 1337 1430 plus
1378 1390 1493 1428 quam
1531 1379 1605 1428 ipsi

61 1437 192 1490 velint,
223 1439 255 1475 si
288 1438 468 1490 sentiant,
500 1438 586 1489 plus
619 1444 723 1477 certe
757 1450 871 1489 quam
904 1443 1057 1476 nosmet
1087 1439 1193 1488 ipsos
1225 1437 1440 1488 diligamus.

178 1496 274 1535 Nam
306 1496 408 1547 quod
441 1498 549 1535 aiunt
580 1496 788 1548 plerosque
822 1495 1153 1535 consolationibus
1191 1495 1290 1534 nihil
1322 1495 1440 1534 levari
1473 1495 1605 1534 adiun-
1621 1493 1679 1535 30

62 1560 234 1607 guntque
274 1554 537 1593 consolatores
575 1557 680 1606 ipsos
719 1556 895 1594 confiteri
933 1568 974 1593 se
1013 1557 1195 1605 miseros,
1233 1567 1321 1593 cum
1361 1554 1406 1592 ad
1439 1567 1505 1593 eos
1537 1556 1606 1592 im-

61 1620 195 1665 petum
227 1625 342 1652 suum
369 1613 538 1662 fortuna
570 1615 817 1665 converterit,
850 1619 1061 1664 utrumque
1088 1613 1322 1652 dissolvitur.
1379 1612 1479 1652 Sunt
1505 1614 1608 1652 enim

63 1674 136 1712 ista
181 1685 258 1711 non
303 1678 462 1711 naturae
508 1674 615 1725 vitia,
665 1673 733 1711 sed
784 1673 931 1724 culpae.
995 1671 1204 1711 Stultitiam
1249 1677 1379 1710 autem
1423 1684 1607 1710 accusare

64 1831 201 1875 cumque
219 1820 466 1865 suppeditetur
485 1820 537 1855 ibi
557 1821 653 1855 beate
669 1824 800 1865 queant

63 1878 296 1957 mZZZ-dam,
339 1914 501 1949 namlich
538 1915 581 1949 cle
614 1915 801 1956 memoria;

64 1960 274 2044 ἓνὲἐιίἓξῃξθί
298 1961 473 1996 Dichtern
506 1961 565 1995 fiir
592 1961 801 2006 ‘vergessen

109 2068 203 2102 idem
233 2067 277 2101 ab
308 2067 382 2101 illis
413 2067 562 2111 nequir„
600 2066 803 2111 entspricht

65 2114 148 2149 dem
173 2115 253 2159 quis
283 2116 357 2148 tam
388 2115 544 2157 demens,
574 2117 615 2148 ut
645 2124 713 2148 sua
743 2124 801 2148 vo-

874 1821 912 1854 ίη
932 1823 963 1854 te
983 1823 1013 1854 et
1035 1821 1073 1854 tu
1093 1829 1165 1854 meo
1184 1819 1304 1854 Bruto
1318 1819 1539 1863 perfuyium.
1569 1818 1609 1853 In

872 1866 1062 1901 'ethnlieher
1087 1866 1210 1901 Weise
1235 1866 1327 1901 wird
1352 1867 1440 1911 quid
1464 1867 1609 1910 quaeris

873 1914 1154 1958 eingeschoben,
1183 1913 1271 1948 ‘was
1297 1912 1415 1958 fragst
1434 1913 1482 1947 du
1502 1913 1608 1954 noch,

873 1971 911 1995 es
948 1960 1112 1995 versteht
1149 1960 1227 1994 sich
1257 1971 1330 1995 von
1368 1959 1510 1994 selbst'.
1563 1960 1609 1993 ad

873 2008 949 2042 Att.
976 2007 1009 2040 ΙΙ
1037 2012 1073 2050 1,
1105 2011 1126 2041 4
1163 2007 1293 2042 Verum
1321 2008 1508 2051 praeclare
1532 2007 1608 2041 Me-

873 2055 976 2089 tellus
1020 2055 1168 2098 impedit
1210 2057 1241 2088 et
1283 2055 1459 2099 impediet.
1513 2054 1610 2099 Quid

873 2101 1042 2146 quaeris?
1068 2105 1117 2136 est
1142 2102 1265 2136 consul
1290 2099 1520 2145 φιλόπατρις.

65 2163 203 2196 luntate
227 2164 390 2195 maereat.

114 2223 168 2255 72.
194 2230 262 2264 quo
293 2219 369 2254 viso
400 2223 431 2254 et
458 2229 647 2263 persuaso,
681 2219 802 2253 ‘wenn

66 2268 132 2302 wir
169 2266 288 2301 davon
324 2265 504 2301 betroffen
540 2278 584 2300 zu
620 2265 699 2300 sein
734 2277 801 2299 uns

67 2313 252 2349 einbilden
279 2312 353 2346 und
379 2312 578 2348 einreden’.

113 2375 255 2414 stratos,
277 2371 477 2416 eigentlich
495 2372 533 2406 in
552 2371 616 2406 der
633 2369 802 2415 Stellung

68 2418 298 2464 derjenigen‚
330 2419 468 2453 welche
500 2418 559 2453 die
585 2417 715 2452 Gotter
739 2418 802 2451 de-

67 2466 186 2511 mfltig
223 2478 286 2500 um
317 2464 443 2500 Gnade
480 2465 616 2508 ssehen,
655 2465 728 2509 vgl.
755 2465 803 2499 ad

63 2514 171 2558 pedes
194 2515 347 2554 stratus,
371 2516 524 2547 stratum
548 2513 680 2555 iacere,
705 2511 802 2546 dann

70 2560 279 2604 fiberhaupt
306 2559 577 2604 ‘gedemfitigt’.

117 2623 171 2654 73.
209 2619 242 2653 si
278 2618 438 2662 quaeris,
483 2618 604 2652 ‘wenn
647 2618 695 2651 du
739 2617 803 2651 der

72 2665 187 2700 Sache
220 2666 285 2700 auf
314 2664 384 2699 den
416 2665 541 2699 Grnnd
572 2664 706 2709 gehs‘c’.
758 2664 802 2698 de

71 2712 130 2748 off.
144 2712 194 2747 III
219 2716 275 2756 20,
290 2715 336 2746 80
360 2711 413 2746 Et
437 2722 478 2746 ea
503 2722 569 2754 res,
594 2712 627 2746 si
650 2712 804 2755 quaeris,

71 2760 102 2794 ei
114 2769 244 2804 mayuo
256 2760 384 2794 honori
395 2759 478 2801 fluit.
499 2759 644 2793 Ebenso
658 2759 705 2793 ad
717 2758 803 2793 fam.

72 2805 136 2840 XII
162 2809 183 2840 8
205 2817 366 2851 spemque
395 2816 530 2841 omnem
555 2806 596 2840 in
619 2805 666 2839 D.
686 2805 805 2841 Bruto

71 2857 103 2888 et
115 2853 253 2888 Planco
266 2853 431 2888 habemus
439 2866 451 2895 ,·
469 2854 501 2888 si
518 2863 638 2888 verum
651 2853 806 2896 quaeris,

919 2160 1052 2190 verum,
1076 2149 1156 2182 hier
1181 2165 1224 2177 =
1250 2149 1395 2182 iustum.
1438 2147 1471 2181 S.
1487 2151 1544 2191 27,
1565 2151 1611 2182 64

873 2200 981 2238 recta,
1008 2206 1103 2237 vera,
1129 2196 1248 2230 debita
1267 2198 1449 2239 putantes.

920 2242 1012 2286 Kap.
1045 2242 1109 2277 30.
1159 2253 1258 2276 nuuc
1293 2243 1386 2277 illud
1421 2243 1512 2277 satis
1549 2245 1611 2284 est,

874 2289 931 2322 fiir
962 2289 1053 2333 jetzt
1087 2291 1226 2334 geniig't
1260 2289 1359 2324 diese
1393 2288 1611 2332 Vorschrift,

875 2335 951 2371 dass
986 2347 1071 2370 man
1106 2336 1210 2371 nicht
1250 2348 1332 2370 zum
1364 2335 1513 2370 Verlusi:
1547 2336 1612 2370 der

873 2383 1039 2417 Freunde
1070 2383 1165 2418 noch
1196 2383 1372 2417 Kummer
1402 2382 1610 2427 hinzufsige.

874 2430 938 2464 Als
971 2429 1127 2475 Subjekt
1160 2442 1241 2464 zum
1273 2429 1435 2464 Infinitiv
1463 2430 1513 2464 ist
1545 2439 1611 2464 ‘nos

875 2489 917 2511 zu
943 2481 1140 2521 erganzem
1165 2478 1240 2511 und
1265 2477 1329 2511 der
1355 2476 1518 2511 Infinitiv
1543 2476 1613 2510 mit

874 2525 1098 2568 pragnanter
1128 2524 1245 2558 Kiirze
1275 2526 1432 2568 gesetzt‚
1471 2523 1526 2558 als
1564 2523 1611 2557 ob

874 2572 980 2613 decet,
993 2574 1129 2615 oportet
1142 2571 1396 2615 vorausginge.
1433 2570 1516 2615 Vgl.
1532 2574 1550 2612 ξ
1566 2573 1611 2604 76

874 2618 1034 2661 officium
1074 2621 1219 2662 putent,
1259 2619 1394 2652 malum
1436 2618 1529 2652 illud
1566 2637 1609 2642 -

875 2675 948 2700 non
972 2675 1052 2699 esse.

922 2723 1008 2746 uam
1044 2712 1138 2756 quod
1175 2712 1299 2746 aiunt:
1342 2723 1367 2745 s.
1400 2723 1427 2744 z.
1464 2713 1522 2751 16,
1555 2713 1609 2743 35.

876 2762 939 2802 25,
972 2763 1025 2793 60.
1076 2758 1148 2793 Das
1189 2758 1375 2802 Folgende
1419 2755 1614 2801 widerlegt

878 2806 949 2839 den
986 2805 1025 2839 in
1061 2805 1143 2839 dem
1181 2804 1339 2848 Beispi'el
1377 2814 1447 2838 von
1486 2802 1612 2837 O'sseus

878 2852 1171 2896 vorgebraehten
1196 2850 1369 2885 Einwurf.
