1817 3103
316 93 710 129 TUSCULANARUM
736 91 1130 128 DISPUTATIONUM
1159 93 1182 127 Ι.
1211 98 1358 129 54—57.
1556 94 1611 133 35)

69 211 177 245 esset
208 206 247 244 in
280 217 325 243 eo
358 205 432 242 nisi
469 204 523 255 id,
563 209 605 242 nt
642 215 712 254 per
746 214 834 241 euni
873 203 1108 252 viveremus,
1149 208 1224 240 tani
1264 210 1399 241 natura
1439 210 1615 254 putarem

68 265 234 303 hominis
255 265 369 302 vitam
397 263 609 302 sustentari
635 274 750 312 quam
779 262 882 311 vitis,
909 272 1023 311 quam
1053 260 1222 311 arboris;
1249 260 1342 298 1ι333
1370 263 1472 300 enini
1501 264 1614 301 etiam

67 322 232 362 dicimus
264 323 403 360 vivere.
466 322 583 371 Item,
614 322 647 359 si
680 320 772 358 nihil
803 319 964 358 haberet
991 321 1142 357 animus
1169 319 1337 356 hominis
1371 321 1442 357 nisi
1477 327 1518 358 nt
1550 320 1612 359 ad—

69 386 222 433 peteret
248 386 313 419 aut
339 381 507 432 fugeret,
534 379 570 418 id
598 392 753 430 quoque
780 384 885 417 esset
910 379 944 416 ei
972 390 1177 416 commune
1199 390 1287 416 cum
1309 376 1455 415 bestiis.
1489 378 1670 419 {labe-[51

64 441 234 491 primum
268 441 492 478 memoriam
524 445 563 477 et
598 450 682 477 eam
714 438 903 476 infinitam
937 448 1069 475 rerum
1102 435 1460 486 innumerabilium,
1494 449 1608 486 qnam

67 498 221 549 quidem
249 498 356 537 Plato
385 497 694 536 recordationem
721 508 805 535 esse
833 495 910 534 volt
937 497 1033 534 vitae
1061 496 1289 546 superioris.
1345 494 1441 532 Nam
1474 496 1513 532 in
1545 495 1608 532 illo

65 556 182 609 libro,
226 558 293 608 qui
330 556 558 596 inscribitur
595 555 754 605 Menon,
794 556 1001 611 ERQOE
1040 554 1234 605 quendam
1274 554 1455 592 Socrates
1495 555 1611 592 inter—

66 622 175 667 rogat
207 615 394 666 quaedam
420 616 656 667 geometrica
688 614 734 652 de
768 614 1008 652 dimensione
1043 612 1230 663 quadrati.
1295 612 1349 650 Ad
1384 624 1426 650 33
1461 614 1515 650 sic
1550 611 1611 650 ille

66 675 294 726 respondet,
330 680 373 713 ut
411 686 528 725 puer,
567 679 605 711 et
644 679 770 711 tamen
804 674 854 711 ita
889 671 1019 710 faciles
1052 673 1378 722 interrogationes
1419 677 1527 722 sunt,
1569 677 1613 709 nt

65 734 254 783 giadatim
281 732 522 784 respondens
549 732 684 770 eodem
712 732 928 782 perveniat,
961 743 1038 781 quo
1072 732 1103 769 si
1136 731 1372 781 geometrica
1399 729 1610 768 didicisset.

66 791 121 830 Ex
149 804 225 843 quo
252 792 353 830 eslici
380 792 457 830 volt
483 791 664 830 Sociates
693 797 734 829 nt
760 790 912 844 discere
946 789 1040 828 nihil
1074 789 1175 828 aliud
1210 791 1260 828 sit
1276 790 1366 839 nisi
1399 788 1611 847 recordari.

65 850 190 896 Quem
222 850 350 889 locum
377 850 498 889 multo
525 851 640 889 etiam
667 841 887 888 accuratius
913 847 1079 900 explicat
1111 851 1149 887 in
1183 860 1228 886 eo
1254 838 1462 898 sermone,
1496 859 1612 897 quem

65 908 200 948 habuit
231 922 276 948 eo
309 911 393 960 ipso
426 909 504 960 die,
541 921 617 960 qno
651 910 818 947 excessit
850 920 870 946 3
904 909 996 959 vita;
1028 907 1142 946 docet
1175 909 1279 946 enim
1312 908 1506 957 quemuis,
1545 908 1610 957 qui

65 969 240 1007 omnium
267 980 399 1007 rerum
426 967 534 1023 rQis
561 980 646 1006 esse
674 967 867 1019 videatur,
897 966 995 1005 bene
1024 967 1281 1017 interroganti
1307 965 1609 1016 respondentem

66 1026 263 1065 declarare
297 1039 337 1066 se
371 1039 447 1065 non
482 1033 562 1066 tum
595 1026 658 1064 illa
692 1026 861 1076 discere,
896 1025 963 1064 sed
996 1025 1284 1064 reminiscendo
1318 1035 1614 1075 recognoscere,

65 1097 137 1124 nec
169 1098 260 1125 vero
294 1087 378 1125 fieri
410 1085 487 1124 ullo
520 1085 633 1124 modo
672 1097 787 1136 posse
820 1090 863 1123 ut
894 1097 914 1122 a
946 1086 1080 1135 pueris
1119 1090 1176 1123 tot
1214 1096 1348 1122 rernm
1383 1090 1498 1134 atque
1531 1089 1613 1121 tan-

65 1151 190 1183 tarum
217 1146 353 1184 insitas
381 1150 419 1184 et
445 1146 555 1195 quasi
582 1145 828 1195 consignatas
855 1145 894 1181 in
921 1144 1058 1181 animis
1086 1145 1284 1194 notiones,
1317 1154 1412 1192 quas
1440 1139 1615 1188 ἐννοίας

62 1302 155 1340 die
141 1301 234 1350 ορμή
255 1305 329 1339 und
353 1301 506 1350 ἀφορμή
527 1306 705 1349 (appetere
725 1303 800 1338 und

61 1353 216 1407 fayore),
235 1352 311 1387 und
332 1352 587 1395 Menschen,
609 1351 727 1386 denen
741 1350 800 1386 die

61 1397 164 1444 ψυχὴ
201 1397 328 1444 λογική
370 1400 477 1444 eigen
513 1398 572 1433 ist.
622 1398 695 1433 Del
733 1398 800 1433 Ge-

63 1446 183 1482 danke
201 1446 250 1482 ist
269 1447 365 1482 also:
394 1447 514 1481 Wenn
532 1446 596 1481 der
615 1445 720 1481 Geisl‘,
737 1446 801 1480 des

62 1493 259 1529 Menschen
295 1506 364 1528 nur
397 1494 435 1528 in
467 1494 551 1528 dem
581 1493 801 1538 vegetabili-

63 1541 175 1576 schen
198 1541 322 1577 Leben
347 1541 411 1576 der
436 1541 579 1576 Pflanze
606 1541 694 1576 oder
718 1540 803 1575 dem

62 1588 328 1624 animalischen
363 1589 426 1624 des
458 1588 582 1623 'Pieres
614 1588 801 1630 bestandffi

63 1647 104 1671 so
122 1636 248 1671 wiirde
271 1647 310 1671 er
328 1636 568 1681 verganglich
594 1636 687 1678 sein,
715 1635 802 1670 aber

65 1694 103 1718 er
118 1683 186 1718 hat
199 1682 432 1727 Gediichhnis‚
446 1682 654 1718 Denkkrafb
668 1695 701 1717 u.
717 1694 744 1717 5.
757 1694 799 1716 w.

66 1751 108 1755 -
137 1729 209 1766 Cic.
248 1730 372 1765 wollte
411 1729 602 1765 schreiben
640 1730 802 1764 animam

64 1797 107 1802 —
132 1780 206 1812 tam
225 1781 393 1822 putarem
417 1778 572 1812 hominis
597 1778 707 1812 vitam
726 1788 802 1811 sas-

63 1827 219 1867 tentare‚
253 1836 360 1870 quam
403 1826 488 1859 ‘citis
523 1825 635 1860 vitam
665 1827 803 1859 natura

62 1875 255 1915 sustentat,
282 1872 357 1907 ‘ich
378 1872 499 1906 wfirde
520 1872 698 1917 glauben,
723 1870 802 1906 dass

64 1918 123 1954 die
144 1918 247 1954 Seele
267 1931 336 1954 nur
356 1931 395 1955 so
415 1919 502 1954 weil:
521 1922 608 1963 (tam
622 1939 665 1944 --
681 1920 802 1963 quam)

65 1966 130 2001 das
167 1966 292 2001 Leben
316 1967 393 2002 -des
430 1966 631 2002 Menschen
671 1966 802 2009 erh'alt,

65 2014 119 2049 als
144 2014 203 2049 die
222 2013 466 2049 Lebenskraft
485 2011 626 2058 (φύσις)
650 2013 718 2049 (135
737 2013 803 2048 Le-

63 2061 136 2096 ben
172 2061 237 2096 der
273 2061 445 2096 Pflanze.'
497 2061 554 2095 Da
595 2061 672 2095 ihm
715 2060 804 2095 aber

63 2108 161 2143 beim
187 2107 386 2144 Schreiben
418 2107 558 2151 einfiel,
590 2107 671 2142 dass
705 2108 804 2142 daun

65 2156 129 2191 der
172 2157 317 2191 animus
359 2156 423 2191 der
465 2155 663 2190 Menschen
707 2155 802 2190 auch

63 2202 185 2238 nichts
220 2203 275 2238 als
309 2199 422 2247 φύσις
455 2202 525 2246 531,
563 2213 630 2246 zog
668 2213 707 2236 er
744 2201 803 2236 die

64 2249 333 2285 Konstruktion
366 2249 405 2284 in
439 2250 558 2284 dieser
582 2248 707 2284 Weise
744 2261 803 2282 zu-

65 2307 246 2338 sammen,
284 2296 556 2342 infolgedessen
593 2297 692 2330 steht
725 2296 804 2330 ani-

64 2355 159 2379 mum
185 2343 304 2379 ausser
324 2344 388 2378 der
408 2343 684 2378 Konstruktion.
720 2342 804 2387 Vgl.

65 2395 126 2434 28,
152 2395 196 2426 70
226 2392 278 2426 sic
310 2394 455 2426 mentem
486 2391 640 2425 hominis
666 2411 708 2415 —
736 2391 807 2425 vim

64 2439 228 2474 divinam
271 2439 398 2473 aientis
440 2438 657 2483 adyvzoscito.
708 2437 806 2471 Aber

65 2486 161 2521 auch
197 2486 262 2521 der
293 2485 468 2520 Gedanke
505 2484 554 2520 ist
590 2484 706 2519 durch
746 2485 805 2519 die

67 2532 337 2578 Vermischung
370 2532 500 2567 zweier
532 2532 694 2567 Beweise
730 2531 806 2566 und

67 2579 132 2614 das
145 2579 411 2615 Hereinziehen
424 2579 489 2614 der
503 2578 687 2614 stoischen
699 2578 806 2613 Satze

67 2626 199 2661 unklar
223 2627 431 2672 geworden.

114 2674 216 2717 haec,
241 2673 300 2709 die
322 2674 441 2719 Dinge
466 2673 517 2707 im
547 2673 806 2718 allgemeinen,

67 2731 140 2756 von
165 2721 283 2756 denen
306 2722 393 2756 vitis
417 2720 493 2755 und
518 2721 626 2755 arbor
650 2720 705 2755 als
725 2720 806 2754 Bei-

69 2767 184 2812 spiele
203 2767 403 2813 angefiihrt
421 2767 513 2803 sind.
556 2767 640 2812 Vgl.
658 2766 710 2800 III
725 2770 757 2810 4,
774 2771 805 2801 7.

69 2813 142 2848 Fer
177 2814 236 2850 die
274 2814 390 2850 Sache
428 2815 473 2850 de
510 2815 570 2850 fin.
609 2814 641 2848 V
675 2817 735 2857 14,
761 2817 805 2848 39

70 2861 204 2906 Itaque
229 2865 260 2897 et
285 2863 398 2897 vivere
416 2863 520 2897 vitem
544 2865 576 2897 et
600 2862 692 2895 mori
717 2861 807 2895 diei-

871 1313 967 1345 mus,
994 1303 1223 1346 arboremque
1248 1305 1279 1336 et
1304 1301 1479 1336 novellam
1505 1303 1537 1335 et
1561 1311 1617 1335 ve-

872 1351 1004 1392 tulam,
1030 1354 1060 1384 et
1086 1351 1202 1394 viyere
1227 1353 1259 1384 et
1283 1359 1466 1383 senescere.

921 1402 975 1433 57.
1012 1397 1133 1432 Habet
1171 1396 1496 1441 primzmz:Den1
1540 1396 1616 1430 ent-

874 1445 1015 1490 sprichl:
1028 1448 1086 1488 25,
1101 1448 1143 1479 61
1162 1443 1442 1489 Quid?illavis.
1471 1441 1505 1476 S.
1519 1455 1548 1478 z.
1562 1446 1616 1486 13,

875 1496 930 1527 30.
980 1490 1356 1527 Cic.unte1scheidet
1390 1489 1495 1524 nieht
1534 1489 1618 1524 zwi-

876 1540 988 1575 schen
1001 1539 1085 1574 dem
1099 1538 1325 1573 Gedaehtnis
1341 1538 1522 1592 memoria,
1543 1536 1618 1571 und

874 1587 938 1621 der
978 1586 1242 1622 Platonischen
1284 1581 1509 1629 ἀνάμνησις,
1555 1584 1619 1618 der

875 1633 1205 1678 Rhckerinnerung
1230 1632 1294 1667 des
1314 1631 1458 1666 Geistes
1485 1642 1533 1666 an
1558 1630 1617 1665 die

875 1681 1003 1724 Ideen,
1039 1681 1180 1716 welche
1214 1691 1252 1714 er
1277 1690 1343 1714 vor
1368 1679 1507 1714 eeinem
1532 1677 1617 1712 Ein-

874 1730 994 1764 treten
1018 1728 1055 1762 in
1083 1728 1153 1762 den
1178 1726 1453 1761 menschlichen
1475 1725 1619 1770 Korper

874 1776 1052 1821 geschaut
1076 1776 1152 1810 hat

922 1820 1061 1857 Μένων
1092 1835 1126 1867 p.
1153 1825 1235 1856 823.
1286 1820 1370 1865 Vgl.
1410 1819 1543 1856 Ρ113ᾱι.
1582 1831 1617 1864 p.

877 1874 980 1905 2493.
1034 1869 1107 1905 Cic.
1135 1869 1179 1904 de
1207 1879 1281 1903 sen.
1309 1872 1370 1911 21,
1398 1871 1451 1902 78.

922 1921 962 1952 ut
982 1928 1093 1961 puer,
1125 1920 1157 1951 et
1186 1920 1306 1951 tamen
1336 1896 1391 1949 it'a
1423 1915 1491 1949 eet.
1543 1912 1618 1948 Cic.

875 1964 1001 2000 wollte
1021 1963 1215 1999 schreiben
1232 1966 1274 1998 ut
1293 1973 1407 2006 puer,
1433 1965 1465 1996 et
1490 1965 1619 2003 tamen,

875 2013 1001 2055 faciles
1019 2013 1113 2047 enim
1132 2010 1433 2054 interroyationes
1455 2012 1554 2050 sumt,
1574 2028 1618 2033 —

876 2061 992 2095 eodem
1023 2059 1206 2103 pervenit,
1249 2058 1337 2092 aber
1381 2056 1440 2090 die
1484 2055 1619 2090 neben—

877 2106 1064 2141 53311113113
1095 2105 1332 2148 Bemerkung
1360 2107 1511 2147 propter
1545 2103 1616 2144 fac

875 2155 939 2189 τηε.
979 2154 1045 2188 hat
1087 2163 1126 2187 er
1168 2164 1251 2187 zum
1287 2151 1512 2195 Hauptsatze
1557 2160 1620 2193 ge-

875 2201 1018 2238 macht.
1050 2200 1125 2234 und
1158 2198 1432 2243 infolgedessen
1469 2197 1518 2232 ist
1554 2196 1620 2231 der

877 2247 1081 2293 Gegensatz
1100 2246 1312 2291 unlogisch,
1333 2245 1429 2280 deun
1448 2244 1544 2279 nach
1562 2242 1618 2278 Ci-

877 2305 979 2330 ceros
1003 2295 1158 2329 Worten
1189 2294 1238 2328 ist
1268 2293 1333 2327 der
1358 2292 1487 2326 Knabe
1515 2290 1621 2325 nicht

877 2342 1016 2387 infolge
1057 2341 1122 2376 der
1152 2340 1498 2384 Rdckerinnerung‚
1538 2348 1618 2372 son-

880 2389 968 2424 dern
1005 2388 1125 2434 infolg
1127 2399 1146 2424 e
1179 2388 1244 2422 der
1269 2386 1437 2430 Leichtig
1439 2366 1518 2420 kelt
1555 2384 1619 2418 der

878 2437 1021 2482 Fragen
1048 2435 1232 2471 imstande
1258 2398 1445 2469 dieselbegn
1480 2444 1525 2466 zu
1558 2431 1619 2465 be-

878 2485 1093 2519 antworten.

925 2532 1057 2565 locum:
1107 2530 1281 2573 Thema,
1321 2526 1524 2563 Gedanke’.
1575 2525 1619 2559 de

878 2578 950 2613 div.
977 2577 1011 2611 11
1034 2581 1069 2621 1,
1091 2581 1112 2611 2
1135 2557 1382 2621 perpur'yatus
1404 2574 1504 2609 estis
1523 2574 1620 2607 locus

878 2637 901 2660 a
937 2625 1040 2660 nobis
1076 2626 1234 2669 quinque
1270 2624 1383 2658 libris.
1434 2621 1479 2655 de
1511 2619 1569 2654 off.
1605 2620 1621 2653 Ι

881 2676 940 2715 19,
967 2676 1012 2706 65
1037 2673 1100 2716 qui
1131 2672 1230 2706 loeus
1261 2674 1311 2705 est
1334 2679 1421 2704 sane
1445 2667 1622 2702 lubricas.

925 2720 966 2754 in
991 2730 1028 2753 eo
1053 2729 1210 2753 sermone
1233 2716 1409 2759 Ρ1ι3ἲᾶορ
1416 2743 1422 2749 .
1452 2718 1536 2748 723.

927 2763 1091 2808 ἐννοίας,
1112 2765 1248 2800 wieder
1262 2763 1321 2798 ein
1337 2761 1514 2796 stoischer
1528 2760 1620 2794 Aus-

879 2812 1004 2847 druck.
1046 2793 1153 2847 Pl’ato
1174 2812 1310 2850 lehrte
1331 2808 1411 2843 dass
1432 2808 1496 2843 der
1516 2806 1602 2841 Geis
1605 2809 1621 2840 t

880 2860 958 2894 sich
982 2859 1032 2893 im
1059 2859 1182 2893 Leben
1208 2857 1273 2892 der
1297 2838 1422 2890 lrfiher
1442 2854 1619 2900 geschau

1296 2915 1342 2950 3*
