1790 3103
169 104 226 145 20
687 106 736 142 Μ.
763 106 925 143 TULLII
952 105 1206 142 CICERONIS

381 219 452 253 auc
482 213 638 264 se'mper
670 218 845 263 aliquam
878 217 1015 256 mo'lem
1047 216 1276 256 meditabar
1307 220 1418 264 mali,

381 277 441 322 ut,
473 272 512 311 εί
541 286 621 321 qua
655 276 813 313 invecta
846 273 992 313 diruas
1024 274 1123 314 casa
1151 275 1276 323 foret,

380 343 430 370 ne
461 343 522 370 me
554 330 785 381 inparatum
818 332 921 372 ειὶνα
953 333 1159 372 laceraret
1191 346 1345 382 repens.

110 409 156 440 30
173 400 284 445 Quod
318 406 447 440 autem
483 401 662 440 Theseus
694 414 714 439 a
747 401 861 441 docto
895 414 935 440 se
968 402 1123 441 audisse
1157 403 1266 454 dicit,
1308 403 1345 441 id
1385 403 1432 441 de
1471 415 1512 442 se
1550 405 1634 455 ipso
1672 404 1725 443 lo-

172 460 306 509 quitur
338 459 559 510 Euripides.
621 459 766 498 Fuerat
804 462 907 498 enim
947 461 1101 499 auditor
1133 461 1400 512 Anaxagorae,
1439 474 1555 512 quem
1594 462 1726 502 ferunt

169 518 345 556 nuntiata
379 524 504 556 morte
537 517 605 555 filii
638 518 782 556 dixisse
816 515 1002 556 ‘sciebam
1028 531 1088 557 me
1115 520 1298 570 genuisse
1325 517 1555 558 mortalem'.
1618 520 1724 566 Quae

169 588 240 614 vox
281 576 452 615 declarat
490 577 537 614 iis
577 588 662 614 esse
706 576 802 615 haec
843 577 1001 628 acerba,
1047 578 1189 628 quibus
1233 590 1311 616 non
1356 579 1503 616 suerint
1546 580 1724 629 cogitata.

169 633 272 685 Ergo
312 635 350 673 id
390 634 547 685 quidem
587 646 664 673 non
703 634 883 685 dubium,
928 637 1022 686 quin
1061 637 1206 687 omnia,
1252 648 1350 687 quae
1388 636 1486 675 mala
1523 643 1724 689 putentur,

170 694 248 730 sint
279 694 476 743 inprovisa
509 694 698 743 graviora.
760 692 894 744 Itaque
928 706 1161 745 quamquain
1195 707 1270 732 non
1305 694 1399 733 haec
1439 707 1516 733 una
1547 707 1611 734 res
1643 696 1723 734 effi-

170 752 223 789 cit
255 752 462 789 maximam
495 751 799 804 aegritudinem,
833 758 961 790 tamen
988 755 1172 803 quoniam
1205 753 1371 791 multum
1398 758 1528 804 potest
1553 755 1724 804 provisio

168 810 287 847 animi
320 815 358 847 et
390 812 635 860 praeparatio
675 810 720 847 ad
760 810 1016 849 minuendum
1055 811 1248 863 dolorem,
1287 813 1365 849 sint
1403 823 1559 862 semper
1597 814 1726 851 omnia

167 867 317 906 homini
348 867 517 906 humana
548 868 744 907 meditata.
807 868 856 907 Et
887 871 1072 908 nimirum
1110 869 1205 908 haec
1246 875 1305 924 est
1342 869 1404 908 illa
1441 875 1646 922 praestans
1687 878 1725 909 et

168 925 297 964 divina
331 927 539 978 sapientia,
581 932 619 965 et
649 932 857 978 perceptas
890 929 1046 978 penitus
1079 934 1118 966 et
1148 934 1406 978 pertractatas
1438 940 1502 967 res
1533 928 1724 968 humanas

167 984 329 1034 hahere,
371 983 467 1022 nihil
506 984 690 1022 admirari
729 997 818 1023 cum
858 985 1062 1036 acciderit,
1102 985 1198 1024 nihil
1237 992 1343 1037 ante,
1382 998 1497 1036 quam
1536 989 1723 1038 evenerit,

168 1054 244 1080 non
278 1044 435 1080 evenire
468 1054 583 1093 posse
617 1042 810 1081 arbitrari.

234 1113 358 1158 Quam
398 1113 445 1150 ob
484 1124 567 1151 rem
606 1112 755 1159 omnes,
795 1124 883 1151 cam
922 1112 1125 1152 secandae
1163 1125 1228 1152 res
1264 1118 1358 1151 sunt
1394 1112 1598 1160 mimante,
1645 1119 1725 1153 tum

1016 1170 1203 1210 maxume

227 1227 418 1268 meditari
447 1240 579 1267 seeum
614 1229 785 1278 oportet,
819 1240 894 1277 quo
923 1234 1044 1278 pacto
1072 1228 1284 1268 adversam
1311 1228 1546 1268 aerumnam
1574 1230 1725 1278 ferant.

229 1286 410 1335 Perz'cla,
444 1289 592 1326 damna
619 1286 796 1336 μάνθανε
827 1289 989 1326 rediens
1019 1287 1175 1336 semper
1206 1300 1339 1326 seeum
1372 1288 1534 1336 co'qitet,

229 1351 299 1384 aut
327 1344 395 1394 se‘le'
419 1350 633 1395 peccalum
667 1345 737 1384 acic
769 1348 911 1384 uxoris
943 1346 1107 1385 mortem
1141 1351 1211 1384 aut
1242 1347 1421 1384 morbum
1450 1345 1585 1394 filiae:

227 1404 455 1444 commanda
489 1416 573 1443 esse
605 1406 723 1451 haec,
764 1404 816 1442 ne'
850 1406 949 1452 quid
983 1406 1124 1443 borum
1165 1416 1350 1452 umquam
1391 1403 1554 1443 accidat
1594 1405 1727 1444 animo

1015 1475 1175 1501 novum:

227 1520 422 1570 quicquid
446 1526 616 1570 praem·
647 1532 753 1569 spem
787 1520 960 1568 evenias,
994 1533 1107 1560 omne
1134 1523 1177 1559 id
1201 1520 1398 1570 deputare
1423 1533 1507 1559 esse
1533 1519 1573 1560 ίη
1600 1523 1726 1560 lucro.

98 1563 153 1645 1351)
169 1591 273 1642 Ergo
306 1591 379 1629 hoc
412 1591 623 1629 Terentius
670 1602 689 1628 a
733 1590 977 1641 philosophia
1023 1597 1223 1641 sumptum
1268 1603 1356 1629 eum
1402 1596 1479 1629 tam
1524 1591 1726 1630 commode

168 1650 328 1701 dixerit,
362 1661 450 1701 nos,
483 1661 503 1687 e
537 1661 705 1699 quorum
739 1648 912 1687 sontibus
948 1649 986 1687 id
1019 1649 1202 1687 haustum
1241 1654 1318 1700 est,
1357 1661 1435 1688 non
1474 1655 1513 1687 et
1550 1649 1727 1688 dicemus

168 1709 242 1746 hoc
280 1708 420 1746 melius
461 1713 500 1746 et
537 1708 782 1746 constantius
815 1706 1060 1746 sentiemus?
1122 1707 1193 1746 Hic
1238 1713 1298 1746 est
1342 1709 1445 1746 enim
1489 1707 1553 1746 ille
1600 1707 1726 1746 voltus

169 1779 325 1818 semper
351 1766 471 1818 idem,
504 1778 621 1816 quem
648 1766 793 1804 dicitnr
820 1765 1040 1817 Xanthippe
1067 1766 1293 1817 praedicare
1321 1765 1432 1804 solita
1464 1767 1504 1804 in
1538 1767 1620 1804 viro
1654 1778 1725 1805 suo

214 1870 356 1903 invecta
370 1868 502 1902 (limitas
517 1878 604 1902 casu
619 1884 662 1896 =
677 1867 782 1902 dirus
797 1878 911 1902 casua.

213 1926 339 1958 repens
375 1930 418 1942 =
453 1915 682 1957 repentinus,
721 1914 791 1948 mit
828 1914 911 1948 dem

166 1961 410 2005 Participium
448 1972 520 1995 von
557 1965 680 2005 repere
724 1961 829 1995 nicht
870 1973 913 1994 zu

166 2007 427 2043 verweehseln.

215 2059 271 2090 30.
298 2055 564 2099 Anaaeayo‘rae:
591 2066 615 2088 s.
645 2067 672 2088 z.
700 2055 715 2088 Ι
742 2058 805 2097 43,
834 2058 911 2089 104.

167 2103 241 2137 Der
262 2101 415 2136 Einfiuss
436 2101 555 2135 seiner
574 2101 692 2135 Lehre
713 2101 812 2146 zeigt
832 2101 911 2136 sich

166 2149 330 2184 vielfach
361 2148 400 2182 in
425 2147 632 2192 Euripides'
659 2148 822 2182 Stiicken
854 2159 909 2182 so-

166 2196 265 2230 wohl
291 2195 328 2229 in
355 2195 476 2239 Bezug
510 2194 576 2229 auf
597 2194 656 2228 die
683 2195 819 2237 Moral,
855 2195 910 2228 als

165 2243 205 2276 in
230 2243 371 2286 Fragen
399 2241 488 2276 iiber
509 2241 568 2275 die
588 2241 709 2275 Natur
728 2242 802 2275 und
822 2241 910 2276 Ent-

168 2289 329 2332 stehung
355 2287 419 2322 der
439 2288 551 2322 Welt.
602 2288 677 2322 Der
696 2289 911 2332 Ausspruch

166 2336 320 2371 sciebam
347 2336 414 2368 cet.
442 2334 533 2368 wird
567 2334 690 2369 ausser
714 2337 909 2379 Anaxago·

166 2394 226 2417 ras
252 2381 347 2417 noch
374 2381 567 2415 manchem
595 2381 755 2416 anderen
786 2381 911 2425 beige-

166 2430 200 2464 le
229 2430 258 2464 t.

203 2441 301 2510 8Ῑιαεειῖ
325 2486 398 2517 res,
430 2474 495 2508 der
521 2474 719 2517 Umstand‚
747 2475 910 2509 namlich

169 2523 236 2558 das
262 2522 527 2557 Unerwartete.

215 2570 428 2608 meditatus,
462 2566 668 2612 passivisch
695 2568 910 2612 gebraucht‚

167 2616 236 2650 wie
273 2616 443 2659 adeptus,
489 2615 662 2658 opinatus
703 2615 778 2648 und
815 2615 911 2649 viele

166 2662 369 2707 Partieipia
381 2661 540 2696 Perfecti
560 2672 632 2695 von
654 2661 909 2705 Deponentien

167 2709 229 2744 bei
257 2709 396 2744 Cicero.

216 2757 311 2791 nihil
339 2755 538 2791 admirari:
575 2753 658 2788 Alie
697 2754 910 2798 damaligen

167 2802 577 2847 philosophensehulen
601 2801 731 2836 hatten
757 2801 822 2836 das
842 2802 909 2836 Be-

169 2850 334 2893 streben‚
355 2850 425 2885 den
446 2848 648 2884 Menschen
668 2848 909 2892 unabhangig

986 1866 1233 1901 hinzustellen
1258 1878 1333 1901 von
1358 1867 1428 1902 den
1454 1866 1620 1902 ausseren
1639 1866 1726 1902 Din-

986 1925 1068 1958 gen.
1119 1914 1281 1948 Deshalb
1317 1914 1397 1958 galf,
1432 1914 1486 1947 als
1521 1913 1727 1958 Hauptsatz

987 1962 1052 1994 der
1098 1960 1337 2005 praktischen
1374 1960 1632 2004 Philosophie,
1667 1960 1727 1994 die

985 2007 1105 2052 Dinge
1143 2007 1239 2041 nach
1277 2007 1397 2041 ihrem
1423 2007 1574 2042 wahren
1599 2006 1726 2041 Werte

986 2066 1030 2087 zu
1056 2054 1247 2096 schamen,
1283 2053 1316 2088 d.
1343 2053 1378 2089 h.
1404 2053 1527 2088 niohts
1558 2053 1628 2088 mit
1657 2052 1726 2088 Be-

985 2100 1113 2144 gierde
1127 2102 1379 2135 anzustaunen
1389 2100 1464 2134 und
1478 2099 1593 2134 durch
1604 2099 1726 2135 nichts

986 2146 1064 2181 sich
1108 2146 1229 2181 ausser
1271 2147 1438 2191 Fassung
1482 2146 1640 2190 bringen
1682 2159 1727 2181 zu

983 2194 1116 2228 lassen.
1167 2193 1252 2228 Hor.
1293 2204 1348 2238 ep.
1388 2194 1403 2227 Ι
1437 2197 1474 2236 6,
1510 2197 1527 2227 1
1568 2192 1636 2227 Nil
1661 2193 1725 2228 ad·
1760 2210 1761 2232 l

983 2241 1115 2275 mirari
1134 2251 1250 2285 prope
1280 2251 1336 2274 res
1366 2243 1416 2275 est
1441 2251 1535 2282 una,
1561 2239 1724 2282 Numici,
1759 2262 1761 2268 ,

983 2288 1128 2368 {olaque
1152 2299 1243 2332 quae
1263 2287 1380 2332 possit
1398 2287 1516 2330 facere
1535 2290 1567 2322 et
1584 2296 1726 2321 servare

1007 2338 1134 2369 eatam.

1034 2382 1286 2426 Quamobrem:
1311 2391 1376 2415 aus
1403 2380 1551 2416 Terent.
1576 2380 1724 2416 Phorm.
1756 2411 1757 2414 ,

984 2428 1017 2461 Π
1031 2428 1204 2518 ‹1222th
1213 2488 1223 2508 :
1249 2475 1314 2509 der
1334 2474 1497 2509 Infinitiv
1518 2474 1635 2519 biangi:
1653 2484 1723 2508 von

984 2525 1119 2566 oportet
1146 2521 1204 2556 ab.

1030 2568 1122 2612 Kap.
1146 2568 1207 2603 15.
1248 2572 1304 2603 31.
1329 2568 1446 2603 voltus
1464 2577 1599 2611 semper
1617 2567 1722 2610 idem,
1752 2600 1754 2610 ,

984 2615 1042 2649 die
1087 2614 1434 2659 Gleichm'al'sigkeit
1482 2614 1546 2649 der
1588 2614 1722 2650 Miene.

984 2662 1028 2696 de
1055 2661 1112 2696 off.
1141 2661 1156 2695 I
1182 2665 1244 2705 26,
1271 2665 1315 2709 90
1335 2661 1529 2705 praeclara
1554 2664 1604 2695 est
1628 2661 1722 2695 enim

981 2709 1223 2752 aequabilitas
1253 2709 1293 2742 in
1325 2709 1423 2743 omni
1453 2709 1530 2742 vita
1563 2710 1595 2742 et
1629 2708 1721 2743 idem
1750 2723 1751 2726 ¹

980 2765 1114 2798 semper
1139 2756 1269 2790 vultus.

1031 2802 1262 2846 Xanthippe:
1300 2801 1401 2835 Stob.
1439 2801 1516 2836 flor.
1555 2803 1639 2844 108,
1677 2804 1720 2835 77

975 2845 1021 2883 ‘H
1044 2850 1254 2891 Ξανθίππη
1281 2846 1372 2892 ἔφη,
1399 2849 1540 2892 μυρίων
1563 2848 1719 2892 μεταβο-

1756 2441 1758 2460 l
