1790 3103
142 86 164 126 1
172 85 227 126 14
662 85 712 120 Μ.
739 84 900 120 TULLII
927 85 1180 121 CICERONIS

84 203 129 235 34
147 194 232 241 Qua
276 206 319 233 re
364 193 503 233 demus
546 194 621 234 hoc
665 207 757 234 sane
801 194 942 247 Bruto,
986 201 1031 234 ut
1068 197 1120 234 sit
1158 195 1297 234 beatus
1335 208 1491 248 semper
1530 199 1705 249 sapiens:

141 264 258 304 quam
291 251 365 291 sibi
399 254 622 305 conveniat,
652 255 736 304 ipse
763 254 915 293 viderit.
978 253 1109 292 Gloria
1143 254 1301 304 quidem
1333 254 1452 294 huius
1483 258 1704 296 sententiae

140 313 228 363 quis
273 317 333 350 est
377 311 442 350 illo
486 313 570 350 viro
612 310 794 364 dignior?
854 312 934 350 Nos
978 318 1109 351 tamen
1153 319 1376 365 teneamus,
1419 319 1464 353 ut
1507 316 1558 353 sit
1600 315 1705 354 idem

139 369 403 409 beatissimus.

70 427 126 468 12
256 428 326 482 Et,
369 430 402 467 si
443 428 547 468 Zeno
587 429 752 481 Citieus,
797 429 943 468 advena
985 429 1142 480 quidam
1187 435 1227 468 et
1269 429 1453 481 ignobilis
1493 430 1705 471 verborum

139 488 288 540 opifex,
319 489 541 527 insinuasse
575 501 616 527 se
649 490 689 526 in
721 489 921 539 antiquam
948 487 1235 539 philosophiam
1260 488 1434 541 videtur,
1464 489 1583 528 huius
1616 502 1703 529 sen-

139 548 285 585 tentiae
319 548 486 597 gravitas
520 559 540 584 a
572 546 746 585 Platonis
779 548 1011 585 auctoritate
1045 552 1265 598 repetatur,
1301 547 1402 598 apud
1436 560 1554 599 quem
1586 560 1704 600 saepe

138 605 235 644 haec
262 606 386 644 oratio
413 611 602 656 usurpata
629 610 701 657 est,
726 611 771 643 ut
798 605 894 643 nihil
918 611 1076 656 praeter
1102 606 1288 644 virtutem
1315 605 1515 645 diceretur
1540 606 1702 646 bonum.

79 672 124 703 35
139 663 256 702 Velut
286 665 326 701 in
359 662 502 714 Gorgia
530 663 731 714 Socrates,
764 676 854 703 cum
887 671 991 702 esset
1023 676 1069 702 ex
1103 676 1147 702 eo
1183 666 1422 717 quaesitum,
1454 665 1705 718 Archelaum,

138 721 350 761 Perdiccae
392 721 532 774 filium,
572 724 640 773 qui
678 729 763 761 tum
801 723 1135 761 fortunatissimus
1175 722 1406 775 haberetur,
1444 736 1575 762 nonne
1613 723 1703 763 bea·

137 787 222 819 tum
253 786 427 833 putaret,
466 778 594 820 eHaud
627 778 738 833 scio',
776 782 904 832 inquit
943 778 1172 832 ‘numquam
1212 783 1317 820 enim
1356 794 1446 821 cum
1485 794 1530 820 eo
1571 782 1702 821 conlo-

138 845 254 878 cutus
288 836 402 878 sum.’
464 840 538 878 Ain
578 837 651 878 tu?
688 839 801 878 aliter
839 840 878 878 id
916 841 1018 878 scire
1056 852 1135 878 non
1172 838 1314 891 potes?
1377 837 1506 879 ‘Nullo
1552 838 1697 880 modo.'

137 897 196 936 Tu
229 899 350 949 igitur
382 910 430 936 ne
464 898 512 936 de
544 898 756 936 Persarum
789 898 948 948 quidem
980 910 1071 949 rege
1112 910 1250 949 magno
1288 905 1400 950 potes
1439 900 1572 939 dicere
1611 899 1702 939 hea-

136 962 253 995 tusne
286 958 347 995 sit.
410 953 484 994 ‘An
518 968 589 1007 ego
620 958 787 1009 possim,
819 968 910 995 cum
941 958 1119 1007 ignorem
1152 969 1268 1007 quam
1301 959 1352 996 sit
1390 957 1548 1009 doctus,
1583 970 1701 1009 quam

136 1016 195 1052 vir
221 1011 400 1053 bonus?9
451 1012 582 1059 Quid?
607 1020 649 1053 tu
676 1016 716 1053 in
744 1026 789 1053 eo
817 1016 930 1053 sitam
958 1016 1075 1053 vitam
1102 1014 1255 1054 beatam
1281 1013 1426 1066 putas?
1488 1013 1560 1054 ‘Ita
1587 1028 1698 1068 pror-

137 1085 205 1111 sus
237 1074 435 1125 existimo,
467 1072 592 1112 bonos
624 1072 778 1125 beatos,
810 1073 998 1124 inprobos
1030 1070 1224 1112 miseros.'
1287 1073 1406 1112 Miser
1432 1086 1525 1125 ergo
1553 1074 1700 1113 Arche-

77 1129 250 1174 3sslaus'?
312 1129 463 1184 ‘Certe7
505 1133 538 1170 si
576 1129 775 1171 iniustus.'
837 1131 1052 1171 Videturne
1092 1144 1249 1171 omnem
1286 1132 1350 1172 hic
1389 1132 1543 1172 beatam
1580 1134 1701 1172 vitam

136 1192 175 1229 in
207 1202 286 1229 una
316 1192 462 1229 virtute
492 1188 670 1242 ponere?
733 1190 835 1237 Quid
866 1188 989 1230 vero?
1020 1192 1060 1229 in
1086 1190 1294 1243 Epitaphio
1321 1203 1398 1243 quo
1424 1191 1540 1230 modo
1567 1189 1704 1231 idem?

1003 1296 1058 1327 35.
1091 1293 1170 1327 Ain
1207 1297 1266 1336 tu,
1313 1293 1396 1328 ‘wie
1435 1293 1571 1328 meinst
1610 1292 1700 1328 du‘?’

955 1339 1014 1374 ein
1039 1338 1179 1374 Ansruf
1212 1339 1276 1375 der
1300 1338 1606 1385 Verwunderung
1630 1339 1702 1375 wie

954 1386 990 1421 τί
1009 1387 1081 1420 δαί.
1123 1386 1164 1420 In
1184 1386 1368 1431 gleiehem
1390 1386 1501 1422 Sinne
1522 1387 1615 1422 wird
1635 1388 1702 1422 ain

954 1432 1062 1468 vero?
1082 1433 1210 1468 itane?
1231 1435 1331 1468 itane
1349 1433 1459 1469 vero?
1479 1434 1697 1479 gebraucht.

137 1291 380 1337 Verbindung
423 1292 487 1327 dei·
528 1292 734 1328 Gedanken
776 1292 883 1327 nicht

138 1339 220 1374 klar
245 1342 353 1374 w'are.

184 1390 240 1421 34.
273 1386 396 1421 demus
428 1407 471 1411 --
503 1390 563 1430 ut,
595 1390 797 1429 teneamus,
829 1390 881 1421 ut.

136 1433 179 1468 In
217 1432 382 1478 gleicher
422 1433 643 1479 Bedeutung
681 1434 781 1468 steht
817 1433 882 1468 der

136 1481 223 1515 Acc.
251 1490 281 1514 e,
308 1479 371 1514 inf.
398 1481 413 1514 Ι
440 1484 459 1522 ξ
485 1484 529 1514 25
562 1481 674 1515 (lasne
709 1484 774 1515 aut
806 1492 881 1515 ma-

136 1538 220 1562 nere
246 1528 387 1562 animos
406 1531 492 1572 post
516 1531 670 1563 mortem.
722 1527 767 1562 de
793 1539 845 1562 or.
866 1528 881 1562 Ι

140 1578 194 1616 15,
222 1577 265 1608 65
291 1574 386 1609 illud
411 1574 532 1609 tenebo
548 1595 591 1599 —
606 1577 782 1609 oratorem
813 1585 882 1610 me-

138 1621 210 1655 lius
236 1641 280 1645 —
307 1631 378 1656 esse
402 1622 597 1657 dicturum.

184 1667 279 1712 Kap.
306 1668 370 1703 12.
423 1669 521 1703 Zeno
542 1669 715 1703 stammte
737 1679 802 1703 aus
825 1668 880 1704 Ci-

135 1715 248 1757 tium,
276 1714 341 1750 das
369 1715 450 1750 eine
476 1715 633 1750 Kolonie
660 1715 726 1749 der
744 1715 881 1750 Phani-

137 1762 212 1797 zier
237 1761 315 1796 sein
342 1763 469 1806 sollte,
496 1762 663 1797 weshalb
689 1773 728 1797 er
753 1762 881 1797 ander-

135 1809 248 1844 w'e'trts
267 1809 451 1844 Poenulus
470 1809 601 1851 heirst,
627 1809 709 1843 hier
729 1810 882 1852 advena,

138 1856 172 1891 d.
193 1857 216 1891 i.
247 1856 511 1900 ‘Fremdling'3
538 1857 612 1901 vgl.
632 1856 735 1892 Verr.
757 1857 807 1891 IV
827 1859 884 1901 58,

142 1907 210 1938 130
234 1904 373 1938 incolae
399 1904 628 1949 Syracusani
653 1904 783 1947 colere,
819 1904 884 1938 ad-

137 1961 246 1985 venae
271 1961 346 1984 non
370 1951 484 1985 solum
505 1951 616 1985 visere
635 1961 757 1985 verum
777 1951 885 1985 etiam

138 1998 301 2032 venerari
325 1998 496 2032 solebant.

182 2044 355 2089 iynobilz's
373 2045 563 2079 verborum
583 2044 724 2088 opifera,
743 2044 819 2088 vgl.
839 2044 883 2078 de

136 2091 197 2126 fin.
223 2091 256 2126 V
292 2095 354 2135 25,
394 2095 438 2126 74
476 2091 593 2126 Stoici
630 2094 780 2126 restant.
830 2091 885 2125 Ei

135 2139 278 2182 quidem
305 2149 378 2173 non
410 2150 524 2173 unam
549 2138 713 2182 aliquam
739 2141 804 2172 aut
830 2139 881 2172 al-

135 2190 249 2220 teram
279 2196 353 2220 rem
390 2197 413 2219 (ι
449 2186 555 2220 nobis
592 2185 883 2229 (Peripateticis)

135 2233 196 2266 sed
229 2236 341 2266 totam
377 2233 425 2267 acl
458 2243 494 2267 se
529 2235 691 2267 nostram
725 2232 882 2276 philoso—

130 2279 260 2323 phiam
286 2280 571 2321 transtulerunt,
603 2282 710 2323 atque
734 2282 775 2313 ut
800 2279 882 2314 reli-

136 2327 199 2369 qm·
223 2327 325 2368 fures
350 2337 476 2360 earum
500 2337 639 2368 rerum,
670 2336 761 2370 quas
786 2336 881 2369 cepe-

135 2375 242 2414 runt,
268 2373 376 2418 signa
402 2376 639 2414 commutant,
664 2374 716 2407 sic
740 2373 816 2414 illi,
842 2376 882 2406 ut

135 2420 321 2454 sententiis
346 2421 481 2454 nostris
496 2430 567 2463 pro
586 2420 664 2454 suis
683 2423 881 2461 uterentur,

134 2467 285 2501 nomina
310 2470 493 2511 tamquam
526 2477 645 2501 rerum
671 2470 776 2501 notas
802 2477 879 2500 mu-

135 2517 312 2549 taverunt.

182 2561 223 2594 in
257 2560 415 2605 Goryia:
453 2573 487 2605 p.
516 2563 584 2594 470
600 2559 633 2595 d.
684 2559 757 2593 Der
794 2559 881 2593 Fra-

136 2607 256 2651 gende
281 2608 330 2642 ist
356 2608 479 2643 Polus

183 2654 402 2696 Archelaus,
429 2655 493 2688 der
519 2653 643 2699 Konig
666 2665 739 2688 von
758 2653 878 2688 Mace-

136 2701 271 2736 donien
292 2703 526 2745 (413—399),
552 2712 629 2736 war
655 2701 714 2735 ein
733 2700 880 2735 Freund

134 2748 384 2793 griechischer
408 2748 616 2783 Litteratur
640 2748 715 2782 und
747 2748 878 2781 Kuns'c.

133 2795 267 2830 Aufser
293 2795 454 2830 anderen
473 2795 662 2830 verweilte
682 2794 878 2839 Euripides

135 2853 183 2877 an
209 2842 346 2878 seinem
372 2842 478 2878 Hofe.

955 1480 1000 1515 de
1026 1480 1124 1515 deor.
1151 1492 1186 1514 n.
1219 1480 1255 1514 ΙΙ
1287 1485 1326 1524 4,
1361 1485 1402 1515 11
1443 1481 1555 1516 Itane
1591 1480 1704 1517 vero?

955 1537 1016 1572 eyo
1041 1537 1116 1561 non
1140 1528 1258 1562 viustus
1283 1528 1348 1572 qui
1373 1531 1405 1562 et
1429 1528 1556 1563 consul
1575 1528 1705 1573 rogavi

956 1578 988 1609 et
1019 1584 1139 1618 auyur
1165 1578 1197 1608 et
1223 1573 1442 1618 auspicato?
1492 1574 1538 1610 de
1564 1575 1637 1611 div.
1664 1574 1699 1608 II

956 1624 1013 1665 32,
1043 1624 1086 1656 68
1112 1621 1220 1656 Itane
1246 1621 1390 1656 censes?
1423 1625 1508 1656 ante
1533 1631 1704 1657 eoronam

955 1668 1084 1703 herbae
1118 1669 1312 1712 exstitisse,
1348 1679 1458 1713 quam
1494 1671 1703 1713 conceptum

956 1725 1027 1750 esse
1051 1726 1177 1750 semen.

1003 1763 1046 1796 cle
1081 1762 1278 1797 Persarum
1315 1773 1394 1808 reye
1432 1773 1574 1808 magno.
1625 1763 1700 1798 Cic.

957 1808 1153 1844 vel-hindei:
1180 1809 1239 1844 die
1265 1809 1482 1844 lateinische
1507 1809 1584 1844 und
1604 1809 1699 1854 grie-

958 1856 1108 1891 chische
1153 1856 1496 1898 Ausdrucksweise,
1547 1857 1594 1891 da.
1642 1856 1702 1892 die

959 1903 1140 1938 Griechen
1171 1903 1303 1938 immet
1342 1901 1516 1949 βασιλεύς
1553 1903 1643 1938 oder
1681 1900 1701 1938 ὁ

958 1949 1075 1994 μέγας
1101 1948 1273 1996 βασιλεύς
1300 1961 1424 1995 sagen.

1005 2008 1114 2041 quam
1139 1999 1188 2032 set
1219 1999 1362 2032 doctus:
1392 1997 1501 2032 Plato
1527 1997 1704 2037 παιδείας

958 2039 1058 2083 ὅπως
1086 2042 1164 2087 ε’χει
1188 2044 1252 2078 καὶ
1280 2042 1533 2088 δικαιοσύνης

1006 2095 1061 2126 36.
1088 2092 1129 2125 in
1154 2091 1375 2146 Epitaphio,
1408 2091 1441 2125 d.
1473 2091 1496 2126 i.
1530 2091 1701 2126 Menexe-

954 2149 1022 2172 nus
1058 2149 1093 2192 p
1135 2141 1236 2172 247e
1277 2135 1349 2184 ὅτῳ
1388 2136 1458 2191 γὰρ
1497 2135 1608 2192 ἀνδρὶ
1647 2136 1701 2178 εἰς

957 2181 1096 2219 ἑαυτὸν
1129 2198 1335 2228 ανηρτηται
1366 2197 1491 2242 πανιτοι
1527 2181 1573 2219 τὰ
1608 2183 1703 2240 πρὸς

956 2228 1203 2275 ευδαιμονιάν
1229 2232 1394 2289 φέροντα
1421 2227 1443 2275 ἢ
1473 2228 1583 2289 ἐγγὺς
1613 2228 1694 2266 τού-

955 2291 1039 2322 του,
1078 2291 1140 2312 και
1172 2276 1220 2336 μὴ
1256 2276 1297 2313 ἐν
1331 2276 1454 2317 ἄλλοις
1479 2276 1700 2322 ἀνθρώποις

955 2324 1195 2369 αἰωρεῖται,ε
1181 2323 1219 2367 ἐξ,
1241 2326 1292 2359 ὠν
1313 2321 1334 2369 ἣ
1358 2326 1400 2360 εύ
1422 2321 1445 2368 ἢ
1466 2326 1591 2365 κακῶς
1609 2338 1700 2368 πρα-

955 2370 1100 2431 ξᾴνῖων
1131 2373 1351 2407 πλανᾶσθαι
1375 2369 1609 2416 ἠναγκασται
1635 2371 1700 2408 καὶ

954 2417 999 2453 τὰ
1017 2417 1175 2463 ἐκειῊνου
1187 2417 1305 2475 τούτῳ
1321 2416 1454 2477 ἄριστα
1466 2417 1701 2462 παρεσκεύα-

955 2478 1038 2500 σται
1070 2467 1153 2524 ζῆν,
1192 2461 1302 2506 οὗτός
1341 2463 1439 2501 ἐστιν
1478 2463 1497 2500 ὁ
1538 2463 1697 2510 σώφρων

954 2514 1018 2547 καὶ
1040 2516 1149 2553 οὑτος
1175 2511 1193 2548 ὁ
1221 2511 1396 2557 ανδρεῖος
1415 2512 1480 2547 καὶ
1500 2511 1700 2569 φρόνιμος·

955 2560 1064 2600 οὐτος
1108 2559 1339 2605 γιγνομὲνων
1389 2558 1586 2604 χρημάτων
1635 2558 1700 2594 καὶ

954 2608 1101 2642 παίδων
1135 2607 1199 2641 καὶ
1231 2605 1564 2662 διαφθειρομένων
1595 2604 1700 2662 μάλι-

955 2667 1020 2688 στα
1041 2655 1209 2689 πεισεται
1229 2668 1273 2700 τῃ
1295 2655 1492 2709 παροιμία·
1520 2650 1605 2688 οὔτε
1627 2651 1698 2698 γὰρ

953 2705 1092 2745 χαίρων
1119 2698 1205 2736 οὔτε
1235 2698 1467 2757 λυπούμενος
1496 2698 1594 2744 α’γαν
1627 2712 1699 2745 φα-

952 2746 1105 2801 νήσεται
1138 2745 1201 2782 διὰ
1234 2745 1275 2782 τὸ
1315 2745 1415 2802 αὑτῷ
1454 2745 1696 2782 πεποιθέναι.

951 2795 1023 2829 Mit
1060 2791 1081 2838 ἢ
1125 2793 1235 2849 ἕγγυς
1272 2792 1427 2837 τούτου,
1470 2805 1545 2829 was
1590 2794 1698 2828 Plato

951 2841 1048 2877 nach
1080 2839 1204 2876 πάντα
1237 2839 1282 2875 τὰ
1314 2839 1406 2885 πρὸς
1445 2838 1590 2886 εὖδαιμ.
1630 2838 1697 2885 φέ-
