1790 3103
295 119 689 155 TUSCULANARUM
715 119 1112 156 DISPUTATIONUM
1141 122 1200 156 IV.
1229 125 1377 156 72-77,
1555 120 1610 161 91

56 229 179 269 furor·
199 230 353 268 amoris.

57 288 161 326 fecto
189 287 292 326 nulla
319 287 604 339 vehementior,
637 293 697 338 ut,
729 289 762 326 si
793 288 868 325 iam
901 288 984 338 ipsa
1017 287 1079 325 illa
1106 299 1290 325 accusare
1323 288 1441 339 nolis,
1474 295 1611 355 stupra

56 345 144 384 dico
177 351 215 399 et
247 345 491 397 corruptelas
525 352 562 384 et
594 345 800 397 adulteria,
832 347 980 384 incesta
1013 345 1202 395 denique,
1235 357 1403 395 quorum
1436 349 1609 386 omnium

53 403 285 443 accusabilis
324 410 384 442 est
422 403 643 455 turpitudo,
686 404 754 442 sed
800 409 843 442 ut
887 403 981 442 haec
1026 405 1198 454 omittas,
1242 403 1487 453 perturbatio
1528 407 1610 456 ipsa

53 464 196 501 mentis
228 464 267 500 in
300 474 430 500 amore
459 462 570 500 ioeda
596 474 667 513 per
693 474 734 500 se
765 468 834 500 est.
896 461 1012 513 Nam,
1044 467 1087 500 ut
1119 461 1182 500 illa
1214 467 1476 512 praeteream,
1510 475 1607 512 quae
1626 475 1669 505 76

53 526 145 559 sunt
189 521 354 572 furoris,
397 520 491 559 haec
536 522 619 571 ipsa
663 532 733 571 per
776 532 862 558 sese
908 531 1023 570 quam
1065 519 1207 558 habent
1254 519 1465 571 levitatem,
1511 532 1608 570 quae

52 578 234 617 videntur
267 590 352 617 esse
386 575 628 617 mediocria?

416 228 606 268 Omnibus
639 231 742 267 enim
782 241 828 267 ex
867 230 984 267 animi
1022 229 1384 279 perturbationibus
1424 236 1484 269 est
1520 242 1609 281 pro·

402 668 414 678 .
1127 635 1328 681 Iniuriae,

170 694 424 744 suspiciones,
458 694 711 741 inimicitiae,
746 694 942 742 e'ndzuiae„

170 753 329 800 bellum,
357 766 446 802 pax
477 765 661 791 rursum:
694 752 852 792 ince'rta
884 755 985 792 haec
1017 755 1053 791 si
1083 758 1125 791 lu
1152 753 1328 802 po'slules

171 813 329 851 ratione
361 816 476 851 certa
504 810 666 860 fucere,
699 813 824 850 nihilo
852 811 944 861 plus
977 823 1078 859 aqas

167 881 287 918 quam
318 868 356 908 si
385 871 454 909 des
486 881 649 919 operam
684 876 726 908 ut
759 869 847 909 cum
882 872 1041 909 ratione
1073 868 1265 908 inscinias.

53 938 158 978 Haec
189 940 451 978 inconstantia
490 939 807 991 mutabilitasque
847 941 989 979 mentis
1028 952 1145 991 quem
1184 952 1261 978 non
1301 941 1382 990 ipsa
1421 942 1610 991 pravitate

52 995 279 1036 deterreat?
340 997 411 1037 Est
450 999 567 1037 etiam
603 998 715 1050 illud,
755 998 859 1049 quod
896 1000 936 1037 in
976 1000 1082 1037 omni
1118 998 1414 1065 perturbatione
1454 998 1611 1051 dicitur,

54 1056 422 1108 demonstrandum,
448 1056 593 1096 nullam
614 1069 700 1095 esse
722 1058 797 1095 nisi
824 1042 1077 1108 opinabilem,
1104 1058 1179 1095 nisi
1204 1057 1348 1095 iudicio
1376 1064 1611 1110 susceptam,

24 1129 30 1134 ·
53 1116 130 1154 nisi
155 1114 424 1154 voluntariam.
470 1115 624 1154 Etenim
653 1117 685 1154 si
712 1115 899 1154 naturalis
925 1128 1033 1153 amor
1059 1121 1181 1166 esset,
1209 1121 1246 1153 et
1273 1122 1448 1155 amarent
1473 1128 1610 1155 omnes

47 1180 88 1212 et
129 1185 284 1224 semper
323 1179 499 1212 amarent
537 1180 576 1212 et
613 1173 716 1212 idem
754 1180 947 1225 amarent,
985 1186 1114 1224 neque
1153 1172 1270 1212 alium
1307 1173 1453 1226 pudor,
1492 1174 1610 1213 alium

0 1266 1 1272 ,
49 1233 253 1283 cogitatio,
285 1231 402 1270 alium
437 1233 595 1270 satietas
627 1231 858 1271 deterreret.

164 1289 225 1328 Ira
263 1301 374 1341 vero,
419 1302 518 1340 quae
564 1302 681 1340 quam
725 1290 792 1329 diu
835 1290 1043 1342 perturbat
1087 1290 1667 1348 1111111111111,(1111111111101181117

46 1349 219 1387 insaniae
252 1360 330 1386 non
363 1348 497 1400 habet,
530 1350 642 1388 cuius
675 1348 833 1400 inpulsu
867 1351 1020 1388 exsistit
1053 1350 1169 1387 etiam
1208 1350 1313 1388 intel
1352 1350 1494 1388 fratres
1532 1318 1643 1388 tale7

45 1408 216 1458 iurgium
226 1420 235 1446 ε

162 1479 208 1516 Α.
247 1476 344 1524 Quis
375 1479 488 1516 homo
523 1482 560 1515 te
592 1477 853 1527 exsuperavit
884 1490 1052 1526 usquam
1083 1477 1262 1527 qe'ntium
1297 1478 1561 1528 inpudentia?

163 1536 218 1574 M.
258 1534 354 1583 Quis
387 1538 476 1575 item
510 1536 666 1575 malitia
699 1538 762 1575 te?

91 1649 327 1691 accusabilis,
354 1660 430 1683 was
457 1649 528 1683 den
553 1648 791 1694 Gegenstand

44 1696 146 1731 einer
165 1695 511 1739 geriehtlichen
529 1695 701 1740 Anklage
721 1695 791 1730 bil-

44 1742 117 1778 den
147 1742 257 1777 kann.
308 1742 383 1777 Das
417 1742 526 1777 Wort
562 1742 679 1777 findet
710 1743 791 1777 sich

44 1801 112 1824 nur
136 1789 235 1832 hier,
274 1801 301 1824 s.
328 1802 356 1823 z.
383 1789 435 1823 III
462 1793 481 1831 ξ
511 1792 554 1824 74
580 1790 788 1834 opinabilis.

91 1837 152 1871 sed
193 1840 235 1870 ut
278 1837 364 1871 haec
401 1837 556 1871 omittas.
607 1836 681 1870 Der
719 1836 790 1870 Ge-

43 1883 166 1918 danke
204 1884 238 1918 si
273 1883 349 1917 iam
386 1884 468 1926 ipsa
514 1884 580 1918 illa
619 1894 790 1918 accusare

42 1931 156 1972 nolis,
194 1929 288 1964 wird
325 1929 422 1964 nach
456 1929 540 1964 dem
575 1930 790 1975 eingeseho-

43 1978 164 2012 benen
203 1977 311 2011 Satze
348 1977 418 2011 mit
456 1976 596 2011 andern
634 1978 790 2012 Worten

44 2023 183 2059 wieder
207 2023 494 2068 aufgenommen
524 2025 600 2059 und
631 2024 788 2069 infolge-

45 2071 176 2106 dessen
214 2070 272 2105 die
304 2070 575 2105 Konstruktion
610 2071 788 2116 abgebro-

47 2117 158 2160 chen,
185 2116 309 2152 sodass
336 2117 400 2152 der
425 2117 526 2160 Satz,
562 2118 626 2152 der
650 2129 723 2153 von
747 2122 789 2152 ut

46 2164 246 2209 abhangen
281 2164 409 2208 sollte,
440 2165 670 2208 perturbatio
705 2166 789 2209 ipsa

44 2212 173 2246 mentis
192 2211 261 2245 cet.
280 2210 318 2244 in
338 2211 409 2245 den
423 2210 613 2246 Indikativ
632 2211 786 2246 kommt.

44 2257 94 2293 de
119 2257 178 2293 off.
205 2257 257 2291 III
290 2261 351 2301 26,
385 2261 428 2292 97
471 2257 564 2293 Utile
598 2259 788 2293 videbatur

51 2304 156 2339 Uliaei
187 2324 230 2329 -—
263 2305 324 2339 sed
354 2305 572 2339 insimulant
603 2316 682 2339 eum
712 2309 787 2340 tra-

43 2352 201 2396 yoediae.
251 2351 336 2396 Vgl.
364 2350 469 2386 Tusc.
496 2351 547 2385 III
574 2354 610 2394 8,
646 2356 689 2386 16
725 2353 788 2396 qui

42 2399 95 2433 sit
117 2402 318 2442 temperans
332 2418 377 2423 —
390 2399 454 2443 qui
472 2399 520 2432 sit
537 2399 641 2443 fruyi
659 2399 785 2443 igitur.

90 2448 148 2480 76.
169 2445 361 2479 Iniuriae:
384 2455 450 2479 aus
466 2445 605 2480 Terenz
619 2445 784 2481 Eunueh.

43 2491 62 2525 I
84 2495 115 2535 1,
137 2494 192 2533 14,
211 2502 268 2526 wo
289 2491 348 2526 die
362 2492 491 2527 Worte
512 2492 786 2538 vorhergehen:

46 2539 99 2573 In
124 2539 244 2573 amo‘re
267 2538 354 2573 haee
378 2540 501 2574 omnia
524 2541 654 2574 insunt
683 2540 785 2575 vitia.

45 2605 90 2610 -
115 2585 157 2620 In
193 2585 411 2629 suspitimzes
446 2586 496 2620 ist
534 2586 599 2620 das
639 2587 735 2621 erste
773 2587 789 2621 i

45 2632 136 2677 lang
159 2632 383 2677 gebramht,
413 2632 481 2667 wie
507 2633 635 2677 hiiufig
658 2633 697 2667 111
723 2633 788 2668 der

43 2677 188 2714 §.lieren
212 2678 354 2714 Poesie‚

91 2726 234 2760 ratione
252 2729 348 2760 certa
367 2742 412 2755 =
433 2736 510 2760 eum
532 2727 685 2769 ratione,
704 2737 786 2761 ver-

43 2771 209 2817 nfinfffig,
234 2772 478 2808 methodiseh.

92 2822 125 2853 et
158 2823 321 2854 amarent
351 2830 481 2854 omnes.
532 2820 606 2854 Das
644 2819 787 2864 Haupt-

44 2867 242 2910 argument
267 2866 332 2900 der
358 2866 524 2911 Stoiker,
560 2878 623 2901 um
649 2879 694 2901 zu
724 2867 786 2902 be-

865 1648 1018 1692 weisen‚
1071 1648 1150 1683 dass
1196 1649 1254 1684 die
1299 1649 1608 1684 Leidenschaften

863 1695 1053 1740 freiwillig
1079 1695 1170 1730 sind.
1222 1695 1305 1740 Vgl.
1333 1699 1352 1738 ἓ
1374 1700 1416 1731 79
1442 1697 1475 1731 si
1499 1700 1608 1731 natu-

862 1743 954 1777 ralis
980 1746 1065 1777 esset
1089 1744 1166 1785 ira,
1193 1747 1258 1778 aut
1282 1744 1379 1778 alius
1399 1744 1472 1778 alio
1491 1744 1608 1788 magis

864 1790 1067 1824 iracundus
1091 1793 1177 1824 esset
1206 1791 1274 1825 cet.

909 1836 1002 1881 Kap.
1043 1836 1106 1871 36.
1159 1840 1212 1871 77.
1259 1837 1330 1871 Ira
1372 1847 1472 1878 vero,
1516 1848 1607 1882 quae

863 1884 1056 1927 quamdiu:
1087 1883 1147 1918 8111
1173 1883 1365 1919 iihnliches
1390 1884 1607 1919 Anakoluth

863 1930 932 1965 wie
958 1934 1020 1974 35,
1049 1934 1092 1965 72
1130 1931 1187 1965 sin
1227 1934 1345 1965 autem
1384 1934 1434 1965 est
1471 1932 1607 1975 aliquis

863 1988 973 2012 amor.
1024 1976 1100 2012 Das
1127 1989 1169 2011 zu
1195 1978 1253 2012 ira
1281 1978 1458 2022 gehorige
1479 1977 1605 2012 pradi-

862 2023 929 2058 kat
954 2025 1100 2058 inutilis
1125 2028 1175 2059 est
1200 2023 1297 2069 folgt
1326 2027 1402 2059 erst
1427 2028 1445 2066 ἓ
1474 2028 1516 2060 79
1542 2025 1607 2060 ubi

860 2074 946 2105 sunt
971 2082 1053 2116 erqo
1078 2072 1160 2113 isti,
1186 2072 1250 2115 qui
1274 2072 1507 2106 iracundiam
1534 2072 1606 2106 uti-

861 2118 927 2152 lem
961 2119 1098 2153 dieunt.
1149 2117 1235 2162 Vgi.
1269 2117 1303 2151 V
1337 2122 1397 2161 19,
1432 2122 1476 2153 54
1506 2119 1606 2153 simi-

861 2165 972 2199 lemne
991 2169 1106 2209 putas
1133 2165 1169 2199 C.
1193 2165 1316 2199 Laelii
1342 2177 1454 2199 unum
1479 2175 1604 2200 consu-

862 2212 976 2246 latum
1011 2212 1125 2254 fuisse
1157 2232 1201 2236 —
1233 2213 1294 2246 sed
1332 2215 1451 2247 tamen
1482 2216 1605 2247 utrum

860 2259 984 2293 malles
1003 2261 1036 2292 te
1054 2259 1157 2293 semel
1176 2262 1216 2292 ut
1236 2259 1403 2293 Laelium
1427 2260 1605 2294 consulem

861 2316 910 2339 an
936 2308 977 2340 ut
1003 2304 1162 2340 Cinnam
1187 2310 1324 2350 quater.
1375 2306 1422 2340 ad
1442 2306 1520 2340 Att.
1536 2306 1605 2340 VH

860 2356 893 2394 3,
920 2356 940 2386 5
968 2353 1074 2386 Rlud
1108 2353 1227 2397 ipsum
1262 2354 1358 2397 quod
1395 2354 1468 2395 ais,
1508 2353 1606 2398 Quid

859 2399 937 2441 fiet,
972 2410 1052 2434 cum
1083 2401 1152 2434 erit
1182 2400 1318 2434 dictum
1343 2420 1390 2426 —
1415 2410 1518 2435 wozu
1549 2400 1604 2434 als

858 2445 1039 2480 Pradikat
1073 2457 1138 2481 aus
1175 2446 1260 2481 dem
1292 2446 1495 2491 folgenden
1533 2446 1604 2481 Ge-

861 2492 1008 2527 danken
1027 2505 1071 2527 zu
1085 2496 1266 2538 ergitnzen
1286 2494 1336 2528 ist
1353 2494 1604 2536 difficultatem

860 2550 934 2574 non
958 2540 1112 2575 habebit.

908 2587 1169 2621 dubitationem
1182 2607 1228 2612 —-
1241 2587 1364 2622 habet:
1382 2587 1457 2632 vgl.
1478 2588 1523 2621 de
1544 2586 1604 2622 off.

860 2633 912 2667 III
939 2638 970 2677 2,
999 2638 1018 2668 9
1045 2634 1088 2668 de
1112 2644 1182 2678 quo
1214 2634 1367 2668 alterum
1392 2637 1510 2678 potest
1540 2635 1604 2668 ha·

861 2681 939 2715 bere
985 2681 1265 2723 dubitationem,
1316 2681 1604 2715 adhibendumne

859 2728 971 2769 fuerit
989 2728 1053 2762 hoe
1071 2738 1183 2773 yenus
1203 2748 1246 2753 —
1267 2728 1417 2762 alterum
1439 2727 1604 2761 dubitari

859 2785 934 2808 non
954 2777 1082 2818 potest.

909 2821 1000 2865 Quis
1036 2821 1155 2856 homo:
1200 2831 1265 2855 aus
1305 2820 1369 2854 der
1407 2817 1604 2863 Iphigenia

861 2867 924 2901 des
951 2867 1109 2909 Ennius,
1141 2877 1196 2901 wo
1228 2866 1347 2900 dieser
1380 2866 1495 2900 Streit
1526 2865 1603 2900 die-

1624 1267 1680 1308 36
