1790 3103
307 84 701 120 TUSCULANARUM
729 84 1127 121 DISPUTATIONUM
1156 86 1196 120 V.
1224 90 1374 121 20-24.

72 196 250 247 corporis
281 201 348 233 aut
380 195 558 233 fortunae
592 194 699 233 mala.

1536 87 1618 128 109

761 193 1000 232 Dicebantur
1032 194 1143 246 haec,
1182 208 1278 245 quae
1313 198 1471 247 scripsit
1503 198 1619 236 etiam

71 252 288 293 Antiochus
314 252 409 291 locis
435 252 631 303 pluribus,
664 253 846 291 virtutem
878 254 1001 303 ipsam
1032 264 1103 302 per
1135 265 1176 291 se
1209 252 1359 293 beatam
1390 257 1505 293 vitam
1538 256 1618 294 esti-

72 323 163 351 cere
208 323 323 362 posse
368 323 495 362 neque
542 317 670 349 tamen
713 310 992 361 beatissimam3
1043 310 1182 348 deinde
1231 324 1277 350 ex
1322 314 1466 351 maiore
1510 320 1619 364 parte

71 369 279 422 plerasque
312 381 375 407 res
408 371 620 421 nominari,
651 370 768 408 etiam
800 370 833 407 si
864 381 962 419 quae
1000 379 1090 419 pars
1130 368 1301 421 abesset,
1340 377 1383 408 ut
1420 373 1541 422 vires,
1582 379 1623 410 ut

71 427 352 478 valetudinem,
396 434 439 466 ut
471 427 640 479 divitias,
687 433 730 466 ut
766 427 974 478 honorem,
1019 432 1062 465 ut
1099 426 1280 479 gloriam,
1324 440 1422 478 quae
1467 441 1622 480 genere,

71 498 151 525 non
183 497 347 524 numero
380 491 656 525 cernerentur:
693 486 785 523 item
821 484 973 523 beatam
1013 486 1146 537 vitam,
1184 487 1301 524 etiam
1338 487 1371 524 si
1411 498 1457 524 ex
1496 487 1622 537 aliqua

71 550 182 596 parte
221 544 439 596 clauderet,
482 550 610 583 tamen
655 555 701 581 ex
745 542 867 581 multo
911 545 1057 581 maiore
1101 549 1212 594 parte
1257 543 1435 582 obtinere
1480 557 1622 583 nomen

72 614 200 642 suum.
261 602 365 641 Haec
397 614 500 641 nunc
532 601 738 640 enucleare
772 613 849 639 non
881 603 933 640 ita
966 613 1127 640 necesse
1160 607 1237 654 est,
1279 614 1512 653 quamquam
1544 615 1622 641 non
1638 612 1680 642 23

71 663 386 700 constantissime
425 660 501 698 dici
538 659 632 698 mihi
672 659 864 698 videntur.

926 659 1022 698 Nam
1067 666 1106 698 et
1149 662 1216 711 qui
1260 659 1397 699 beatus
1440 667 1501 699 est
1543 673 1622 700 non

71 719 255 770 intellego
288 719 380 770 quid
413 719 606 768 requirat,
639 723 682 756 ut
714 719 763 756 sit
795 717 945 756 beatior
977 740 1031 744 —
1065 720 1098 757 si
1129 724 1190 757 est
1227 720 1331 757 enim
1369 720 1472 769 quod
1511 719 1624 772 desit,

71 789 120 816 ne
154 777 293 816 beatus
325 776 482 827 quidem
514 782 574 814 est
610 798 679 827 -—,
712 781 750 814 et
783 776 886 826 quod
920 788 965 814 ex
999 778 1144 815 maiore
1183 783 1293 827 parte
1335 789 1451 815 unam
1490 790 1621 828 qnam-

72 847 148 886 que
181 847 266 880 rem
297 834 483 886 appellari
509 836 757 886 spectarique
787 834 940 886 dieunt,
972 841 1033 874 est
1064 834 1131 874 ubi
1163 835 1200 873 id
1234 837 1309 874 isto
1342 836 1456 874 modo
1483 836 1622 874 valeat:

71 905 162 932 cum
193 905 286 932 vero
318 894 391 932 tria
424 905 567 944 genera
599 892 790 931 malorum
823 904 908 931 esse
942 893 1090 945 dicant,
1133 895 1200 944 qui
1234 893 1402 932 duorum
1434 905 1622 944 generum

70 951 182 990 malis
214 951 396 990 omnibus
423 958 656 1003 urguemur,
687 957 732 990 ut
763 953 892 990 omnia
918 951 1080 990 advorsa
1113 953 1192 990 sint
1222 953 1262 990 in
1295 953 1468 1004 fortuna,
1501 954 1622 991 omni-

70 1009 145 1049 bus
177 1021 411 1062 oppressum
443 1022 587 1061 corpus
620 1016 658 1048 et
690 1010 913 1048 consectum
945 1009 1166 1062 doloribus,
1205 1010 1295 1049 huic
1329 1011 1539 1062 paulumne
1577 1011 1623 1049 ad

70 1067 223 1107 beatam
255 1070 372 1107 vitam
403 1067 539 1107 deesse
573 1068 767 1120 dicemus,
799 1080 877 1107 non
909 1068 1023 1107 modo
1057 1069 1102 1108 ad
1135 1067 1428 1108 beatissimam?

188 1126 271 1165 Hoc
302 1126 396 1165 illud
430 1133 504 1177 est,
538 1126 641 1177 quod
668 1126 962 1177 Theophrastus
995 1129 1190 1166 sustinere
1221 1139 1299 1166 non
1324 1129 1462 1178 potuit.

1525 1128 1621 1166 Nam
1637 1113 1663 1153 9

70 1197 161 1225 cum
195 1187 397 1224 statuisset
427 1185 590 1223 verbera
621 1190 813 1223 tormenta
853 1186 1067 1236 cruciatus,
1107 1187 1255 1236 patriae
1294 1188 1518 1224 eversiones
1557 1199 1622 1224 ex-

70 1243 155 1283 silia
192 1243 380 1282 orbitates
418 1255 596 1294 magnam
628 1245 706 1282 vim
742 1242 887 1281 habere
925 1243 972 1281 ad
1013 1243 1110 1282 male
1151 1245 1371 1295 misereque
1405 1244 1624 1296 vivendum,

69 1314 149 1341 non
187 1308 247 1341 est
284 1314 402 1340 ausus
447 1301 546 1340 elate
590 1307 630 1340 et
673 1301 797 1352 ample
837 1301 962 1354 loqui,
1007 1314 1096 1341 cum
1137 1302 1338 1341 humiliter
1376 1303 1623 1354 demisseque

70 1362 246 1400 sentiret.

310 1359 432 1405 Quam
476 1359 594 1412 bene,
637 1372 716 1398 non
761 1362 981 1412 quaeritur3
1032 1366 1258 1400 constanter
1302 1360 1460 1411 quidem
1505 1368 1624 1400 certe.

69 1418 203 1470 Itaque
254 1418 350 1457 mihi
392 1418 546 1470 plaeere
590 1431 668 1457 non
713 1418 812 1457 solet
856 1421 1136 1469 consequentia
1180 1419 1489 1471 reprehendere,
1535 1431 1624 1458 cum

69 1479 195 1529 prima
244 1478 499 1516 concesseris.

566 1475 638 1515 Hic
688 1482 819 1516 autem
869 1477 1180 1528 elegantissimus
1231 1479 1406 1516 omnium
1455 1477 1624 1528 philoso-

69 1535 239 1587 phorum
283 1541 322 1574 et
366 1535 655 1574 eruditissimus
705 1548 783 1574 non
823 1547 962 1586 magno
1007 1548 1125 1586 opere
1170 1536 1491 1588 reprehenditur,
1536 1549 1625 1576 cum

68 1595 145 1632 tria
183 1606 326 1644 genera
364 1594 457 1632 dicit
498 1593 709 1645 bonorum3
753 1600 914 1633 vexatur
957 1600 1088 1633 autem
1126 1593 1172 1632 ab
1212 1594 1411 1647 omnibus,
1454 1596 1625 1644 primum

69 1707 112 1742 in
136 1707 354 1751 augurando
379 1726 417 1731 -—
438 1707 654 1751 prolapsum
679 1707 809 1742 identi-

69 1754 147 1789 dem
172 1754 468 1788 obmurmurasse.

118 1811 162 1835 eoe
192 1801 329 1835 maiore
358 1803 479 1844 parte:
514 1800 588 1844 vgl.
621 1800 665 1835 de
691 1800 750 1835 fin.
779 1800 811 1834 V

71 1851 128 1890 30,
161 1850 204 1882 92
241 1857 376 1890 semper
414 1847 507 1881 enim
544 1857 587 1881 ecc
624 1858 680 1889 eo,
717 1848 811 1892 quod

69 1894 250 1928 maximas
275 1897 402 1938 partes
433 1894 589 1928 continet
624 1894 811 1928 latissime·

70 1951 137 1985 que
161 1940 351 1983 funditur,
388 1943 463 1975 tota
500 1951 556 1975 ‘res
593 1941 809 1985 appellatur.

71 1987 242 2022 Dicimus
262 1987 415 2031 aliquem
434 1988 550 2021 hilare
571 1989 704 2029 vive-re,
729 1998 811 2031 erqo

73 2034 107 2069 si
131 2034 233 2068 semel
258 2034 397 2069 tristior
421 2035 565 2077 effectus
595 2038 663 2078 est,
689 2035 811 2069 hilara

72 2081 149 2116 vita
176 2081 310 2115 amissa
334 2079 410 2115 est?

119 2138 209 2171 quae
242 2138 364 2172 ρεπεν-6
397 2138 471 2162 non
510 2138 657 2162 ‘numero
695 2138 811 2162 cerne-

72 2177 217 2216 rentur,
256 2173 315 2207 die
353 2174 449 2208 nach
487 2174 550 2208 der
587 2174 672 2217 Art,
710 2174 814 2208 nieht

73 2220 170 2255 nach
197 2219 260 2254 der
285 2219 576 2265 Vollzahligkeit
606 2221 705 2256 ihrer
737 2221 812 2255 ein-

71 2267 201 2302 zelnen
239 2265 375 2301 Stfieke
417 2267 608 2302 bestimmt
651 2267 812 2310 wiirden‚

73 2313 109 2348 d.
135 2313 158 2348 i.
186 2313 401 2357 qualitativ,
438 2314 541 2348 nicht
576 2314 812 2358 quantitativ.

72 2360 218 2394 Ebenso
244 2360 289 2395 de
314 2360 374 2395 fin.
400 2360 450 2394 ΙΙΙ
480 2364 538 2404 10,
566 2365 610 2395 34
640 2371 681 2396 ea
707 2361 813 2396 aesti-

72 2407 184 2441 matio
214 2417 338 2451 yenere
374 2407 484 2450 valet,
520 2418 595 2442 ‘non
631 2408 812 2452 maym'tu—

72 2453 167 2489 dine.

122 2504 178 2535 23.
204 2504 254 2535 est
288 2501 369 2535 ubi:
404 2512 496 2544 ganz
530 2501 598 2535 wie
631 2501 694 2535 das
719 2501 813 2546 grie-

75 2546 225 2582 chische
261 2544 359 2582 ἐστιν
391 2544 505 2588 ὅπου,
536 2548 624 2582 aber
657 2548 814 2583 seltener

74 2592 127 2628 im
146 2593 416 2629 Lateinisehen.
461 2594 525 2628 ‘Es
544 2594 637 2629 trifft
655 2595 691 2629 in
711 2606 813 2629 man-

75 2640 170 2675 chen
194 2640 324 2675 Fiillen
348 2641 417 2675 zu.'

123 2688 199 2721 tria
217 2698 345 2732 ymera
364 2688 558 2722 malorum:
585 2686 814 2722 (3166105ἶῖῖί-

77 2732 282 2779 derlegung
325 2734 373 2769 ist
416 2734 679 2779 ungenu'gend,
718 2734 814 2769 denn

75 2780 282 2815 Antiochus
318 2781 418 2826 legte
459 2781 552 2816 eben
593 2780 658 2814 der
695 2782 815 2815 ersten

75 2825 204 2862 Klasse
249 2827 356 2863 einen
399 2827 473 2863 viel
515 2827 678 2862 hoheren
709 2826 815 2862 Wert

882 1706 960 1750 bei,
981 1706 1034 1741 als
1055 1706 1125 1741 den
1144 1706 1277 1741 beiden
1297 1707 1456 1742 anderen
1471 1706 1626 1742 Klassen

885 1764 1329 1798 zusammengenommen.

930 1811 1004 1835 ozon
1056 1801 1176 1842 modo,
1228 1800 1460 1845 gesehweige
1512 1800 1624 1843 denn;

884 1847 959 1891 vgl.
985 1847 1000 1880 Ι
1027 1850 1154 1890 38,θῖ
1188 1859 1231 1881 ηε
1256 1848 1315 1881 sui
1339 1848 1479 1892 quidem
1506 1848 1545 1882 z'd
1569 1858 1623 1882 ve-

884 1894 972 1934 lint,
998 1905 1072 1928 ozon
1097 1894 1200 1928 modo
1225 1895 1310 1937 ipse.

931 1940 1022 1985 Kap.
1050 1941 1087 1975 9.
1139 1944 1193 1974 24.
1220 1941 1319 1982 Hoc,
1350 1941 1512 1976 niimlich
1545 1940 1624 1976 dass

884 1987 949 2021 der
980 1987 1103 2021 Weise
1141 1988 1235 2021 auch
1267 1990 1375 2023 unter
1406 1987 1626 2022 Schmerzen

884 2034 1076 2079 gliieklich
1101 2033 1180 2068 sein
1209 2034 1340 2069 kenne.

935 2081 1220 2125 leeophrastus,
1247 2093 1273 2116 s.
1300 2094 1329 2115 z.
1356 2082 1370 2116 Ι
1400 2086 1459 2124 19,
1486 2085 1542 2116 45.

933 2128 1034 2170 bene,
1069 2127 1248 2172 ‘richtig’.
1298 2127 1352 2161 III
1384 2132 1423 2171 2,
1456 2132 1475 2162 3
1508 2129 1626 2163 incor-

885 2178 998 2219 rupta
1022 2185 1091 2209 voa:
1117 2175 1201 2209 bene
1226 2175 1483 2210 iudicantium.

934 2222 1009 2256 tria
1045 2232 1177 2265 (seuera
1220 2222 1411 2256 bonorum:
1453 2221 1626 2257 Dieselbe

886 2267 1116 2312 Einteilung,
1143 2269 1212 2302 wie
1239 2268 1290 2302 sie
1317 2268 1522 2303 Antiochus
1548 2269 1626 2303 anf-

884 2315 998 2349 nahm
1032 2315 1107 2349 und
1147 2315 1260 2349 sehon
1294 2315 1401 2350 Plato
1437 2315 1512 2350 und
1546 2315 1626 2349 Ari-

887 2361 1037 2396 stoteles
1068 2361 1283 2406 aufgestellt
1312 2362 1444 2397 hatten
1479 2363 1518 2396 in
1549 2362 1626 2407 gei-

887 2409 998 2453 stige,
1023 2408 1258 2453 korperliche
1283 2409 1359 2443 und
1385 2408 1527 2444 {iussere
1554 2409 1625 2444 Gii—

886 2457 951 2490 ter.
1002 2455 1238 2498 Aristoteles,
1276 2455 1346 2490 mit
1383 2455 1468 2490 dem
1507 2456 1625 2491 Theo-

886 2503 1015 2546 phrast
1033 2501 1370 2544 fibereinstimmte,
1390 2503 1526 2546 lehrte,
1546 2502 1626 2537 dass

887 2549 952 2582 der
977 2547 1215 2594 Gliiekselige
1241 2550 1313 2584 alle
1340 2554 1360 2583 3
1385 2549 1538 2584 Klassen
1563 2550 1626 2584 be-

888 2595 1004 2630 sitzen
1030 2599 1169 2639 miisse,
1202 2596 1281 2630 dass
1307 2597 1395 2631 aber
1421 2596 1480 2631 die
1508 2595 1626 2631 {iusse-

885 2653 951 2677 ren
982 2642 1095 2677 Giiter
1128 2643 1232 2677 nicht
1271 2654 1319 2677 an
1351 2642 1426 2677 und
1458 2643 1516 2677 fiir
1548 2642 1625 2677 sich

885 2688 991 2723 Wert
1011 2690 1150 2733 haben,
1172 2689 1330 2724 sondern
1348 2702 1417 2724 nur
1438 2690 1490 2723 als
1511 2689 1623 2722 Hilfs-

885 2735 1009 2770 mitte]
1048 2735 1112 2770 der
1150 2736 1304 2780 Tugend
1348 2735 1423 2770 und
1469 2734 1624 2769 deshalb

885 2781 943 2816 ihr
963 2782 1084 2817 Besitz
1105 2783 1183 2817 sein
1202 2782 1426 2817 natiirliches
1447 2781 1540 2816 Mass
1564 2792 1625 2816 am

887 2828 1080 2863 Gebranch
1118 2829 1229 2873 habe,
1268 2829 1357 2863 iiber
1389 2828 1454 2863 das
1492 2827 1623 2863 hinaus
