1817 3103
185 99 242 141 28
705 100 753 134 M.
782 98 941 134 TULLII
968 99 1222 135 CICERONIS

186 209 445 261 dissipantur,
477 209 615 260 procul
641 221 661 247 a
688 211 806 248 terris
832 209 870 247 id
899 210 1044 261 evenit,
1076 210 1155 247 sive
1183 214 1414 260 permanent
1443 216 1484 250 et
1510 216 1746 250 conservant

186 267 363 307 habitum
395 280 528 319 suum,
560 268 634 306 hoc
666 269 784 306 etiam
815 269 938 318 magis
964 279 1126 305 necesse
1154 273 1214 306 est
1246 267 1422 307 ferantur
1449 269 1495 308 ad
1523 268 1673 308 caelum
1705 275 1747 308 et

186 326 233 365 ab
266 328 313 365 iis
344 331 627 378 perrumpatur
659 332 697 364 et
729 326 923 365 dividatur
956 337 1111 364 crassus
1144 325 1207 364 hic
1240 331 1278 364 et
1310 333 1520 366 concretus
1552 331 1636 379 aer,
1675 329 1743 378 qui

188 391 249 425 est
281 391 409 424 terrae
435 386 649 436 proximus.
712 384 881 423 Calidior
907 390 967 423 est
993 385 1097 422 enim
1123 384 1183 422 vel
1209 386 1340 435 potius
1366 386 1566 424 ardentior
1592 387 1746 425 animus

189 456 305 495 quam
332 449 392 482 est
418 443 481 481 hic
508 447 593 495 aer,
623 455 740 493 quem
767 443 881 482 modo
909 443 988 482 dixi
1014 455 1191 482 crassum
1218 448 1334 494 atque
1361 450 1608 496 concretum3
1641 444 1744 495 quod

187 514 234 541 ex
261 514 306 540 eo
335 503 427 540 sciri
454 507 601 553 potest,
634 502 724 552 quia
750 514 916 553 corpora
944 507 1077 540 nostra
1105 507 1263 540 terreno
1289 503 1575 554 principiorum
1601 514 1746 554 genere

188 561 366 599 confecta
400 560 540 600 ardore
573 561 692 598 animi
725 560 1013 599 concalescunt.
1568 560 1743 607 ⁴⁹2(ss
1771 564 1791 584 -“

117 602 171 684 149
306 618 469 657 Accedit
500 624 544 657 ut
576 630 621 657 eo
652 618 804 658 facilius
831 621 984 658 animus
1012 619 1147 658 evadat
1173 632 1220 658 ex
1246 619 1320 658 hoc
1347 623 1455 672 aere,
1488 631 1604 671 quem
1631 631 1747 671 saepe

151 653 264 716 3iam
303 677 472 729 appello,
513 689 682 728 eumque
720 683 967 730 perrumpat,
1012 678 1115 729 quod
1159 678 1255 716 nihil
1293 684 1353 717 est
1391 680 1518 717 animo
1558 678 1749 718 velocius:

187 735 293 774 nulla
335 742 394 775 est
436 735 616 775 celeritas
659 748 757 787 quae
799 738 923 788 possit
965 749 1053 776 cum
1095 738 1213 775 animi
1255 737 1454 776 celeritate
1495 736 1747 776 contendere.

188 794 262 840 Qui
297 796 328 833 si
360 800 566 846 permanet
592 796 847 846 incorruptus
874 797 1013 847 suique
1042 795 1197 848 similis,
1229 808 1391 834 necesse
1418 802 1478 835 est
1506 797 1559 834 ita
1586 795 1747 848 feratur,

188 860 232 892 ut
271 859 455 905 penetret
492 859 530 892 et
570 853 715 892 dividat
753 866 868 893 omne
907 854 1057 893 caelum
1095 854 1187 906 hoc,
1225 856 1265 893 in
1305 867 1381 906 quo
1420 854 1564 907 nubes,
1601 854 1749 893 imbres

188 914 372 963 ventique
400 918 612 964 coguntur,
646 912 749 963 quod
783 919 822 951 et
854 913 1030 952 umidum
1060 918 1099 952 et
1125 913 1382 963 caliginosum
1408 919 1468 951 est
1494 918 1658 964 propter
1684 925 1747 951 ex-

188 970 404 1009 halationes
437 977 584 1019 terrae,
623 983 740 1021 quam
774 973 975 1022 regionem
1007 984 1097 1010 cum
1130 973 1330 1022 superavit
1361 973 1514 1010 animus
1553 977 1749 1011 naturam-

188 1042 263 1080 que
297 1030 358 1068 sui
391 1029 559 1067 similem
586 1031 749 1080 contigit
782 1035 820 1068 et
852 1030 1050 1081 adgnovit,
1082 1031 1226 1068 iunctis
1257 1042 1303 1068 ex
1336 1032 1462 1068 anima
1488 1031 1598 1069 tenui
1630 1036 1669 1069 et
1700 1042 1748 1069 ex

187 1087 327 1126 ardore
361 1087 454 1126 solis
487 1094 705 1139 temperato
738 1087 895 1139 ignibus
928 1090 1076 1128 insistit
1107 1095 1146 1127 et
1177 1089 1294 1127 finem
1327 1088 1443 1127 altius
1476 1101 1518 1127 se
1550 1088 1751 1128 ecferendi

187 1147 291 1185 facit.
354 1146 455 1185 Tum
496 1147 600 1185 enim
639 1148 701 1185 sui
740 1147 906 1186 similem
952 1154 991 1186 et
1034 1147 1230 1186 levitatem
1274 1153 1313 1186 et
1356 1147 1526 1186 calorem
1571 1147 1750 1199 adeptus,

126 1245 128 1247 ,
187 1212 386 1256 tamquam
413 1205 573 1256 paribus
602 1207 844 1260 ex.3³.¹}}i!¹{³.ElJ‚S
871 1206 1113 1257 ponderibus
1140 1206 1285 1245 nullam
1313 1208 1352 1244 in
1379 1212 1531 1257 partem
1557 1212 1751 1258 movetur,

189 1276 310 1315 eaque
345 1265 380 1302 ei
413 1264 571 1303 demum
599 1260 799 1304 naturalis
821 1270 881 1304 est
912 1265 1044 1318 sedes,
1077 1278 1166 1304 cum
1200 1264 1245 1303 ad
1278 1266 1339 1303 sui
1366 1264 1491 1303 simile
1517 1266 1748 1317 penetravit,

187 1324 227 1361 in
260 1335 337 1373 quo
370 1322 474 1361 nulla
507 1335 549 1361 re
583 1335 704 1373 egens
736 1323 862 1363 aletur
894 1330 934 1363 et
966 1324 1251 1364 sustentabitur
1278 1323 1402 1362 isdem
1434 1323 1574 1375 rebus,
1607 1323 1751 1375 quibus

188 1388 293 1420 astra
326 1386 599 1420 sustentantur
632 1388 671 1421 et
704 1382 873 1422 aluntur.

188 1495 334 1537 deutet,
378 1494 518 1529 welche
561 1495 646 1530 teils
692 1495 763 1530 (1311
802 1495 932 1531 8331311
1007 1494 1075 1529 wie
1102 1495 1166 1529 der
1190 1495 1390 1540 gottliche,
1426 1506 1465 1530 so
1499 1495 1683 1541 schwingt
1714 1506 1754 1531 er

187 1542 267 1576 eine
299 1542 503 1576 Fortdauer
535 1542 757 1586 wenigstens
795 1543 851 1577 bis
890 1555 933 1577 zu

188 1589 271 1623 dem
307 1589 554 1634 allgemeinen
580 1589 823 1624 VVeltbrande
856 1587 932 1634 (ἐκ-

186 1633 362 1679 πύρωσις)
384 1636 652 1680 zugestanden,
671 1636 757 1671 teils
774 1637 932 1680 lehrten‚

187 1683 266 1718 <lass
295 1682 374 1718 sich
395 1683 454 1717 die
475 1682 606 1718 8331311
625 1684 721 1718 113311
741 1683 806 1718 der
820 1684 933 1718 Tren·

185 1742 288 1776 1111ηὲ·
313 1741 400 1765 vom
426 1730 569 1775 Ko'rper
595 1730 759 1775 sogleich
791 1731 828 1765 in
862 1731 933 1766 den

186 1778 304 1812 Ather
329 1777 528 1812 auflosten.

234 1836 278 1860 ai
280 1826 365 1860 dore
385 1825 502 1859 animi
521 1825 779 1859 concalescunt.
826 1824 932 1875 Diog.

187 1871 255 1906 VH
297 1876 361 1906 157
406 1872 557 1914 πνεῦμα
603 1870 790 1926 ἔνθερμον
835 1869 933 1906 εἶναι

186 1932 253 1963 την
280 1916 417 1973 ψυχήν.
450 1916 569 1975 τούτῳ
599 1916 671 1973 γὰρ
705 1917 802 1963 ἡμᾶς
835 1917 934 1953 εἶναι

187 1963 375 2010 ἐμπνόθυς
394 1979 459 2000 ‘nah
480 1962 552 2000 ὑπο
573 1963 708 2000 τΟύῖΟυ
729 1968 931 2000 κινεῖσθαι.

235 2013 328 2057 Kap
355 2013 417 2048 19.
461 2017 516 2047 43
544 2013 639 2048 nihil
663 2016 713 2047 est
739 2014 808 2048 cet
860 2013 934 2047 Der

185 2025 383 2094 Ausdruck
403 2059 452 2094 131,
471 2060 555 2095 sehr
574 2060 680 2094 breib.
733 2060 935 2094 Vielleicht

185 2107 235 2141 ist
265 2106 360 2141 nihil
392 2127 435 2131 —
466 2109 621 2142 velocius
652 2107 934 2160 eingeschoben,

188 2155 276 2188 oder
314 2165 400 2188 man
437 2154 504 2188 hat
541 2153 637 2189 311311
668 2154 749 2188 hier
781 2154 850 2188 wie
877 2158 933 2196 45,

189 2205 256 2235 108
277 2201 336 2234 die
359 2200 454 2245 Spur
474 2201 574 2236 einer
597 2201 799 2246 doppelten
820 2194 933 2235 Uber-

187 2248 386 2301 arbeitung
411 2260 454 2282 zu
481 2249 604 2283 sehen

233 2295 266 2329 si
286 2298 475 2338 permanet
500 2296 633 2337 incer,
659 2306 766 2330 wenn
793 2306 832 2329 er
857 2295 934 2329 sich

186 2341 290 2376 nicht
315 2341 438 2385 gleich
470 2342 528 2376 bei
557 2342 640 2376 dem
667 2342 936 2376 Heraustreten

187 2399 252 2423 3113
277 2388 362 2423 (13111
388 2388 531 2433 Korper
556 2389 706 2424 auflo's'n.

234 2436 371 2470 eaelum
407 2435 490 2478 hoe,
527 2435 596 2470 wie
623 2439 642 2477 ξ
668 2439 712 2470 60
745 2436 809 2470 hoc
847 2436 935 2470 cali-

186 2483 314 2527 ginoso
340 2485 372 2517 et
396 2483 565 2517 nebuloso
592 2483 705 2525 eaelo,
732 2482 791 2516 die
806 2482 933 2517 Atmo—

188 2530 340 2574 31111313,
367 2529 426 2564 (113
452 2529 597 2574 Region
623 2529 686 2564 (133
712 2532 784 2565 aer.

234 2577 276 2611 in
300 2587 369 2620 quo
396 2580 592 2620 coquntur.-
618 2575 691 2621 vgl.
714 2576 758 2610 de
779 2577 877 2611 deor.
899 2588 932 2611 11.

187 2624 220 2657 Π
247 2627 305 2666 39,
335 2627 397 2658 101
428 2627 489 2658 ae'r
504 2644 546 2650 -
562 2626 747 2658 concretus
766 2624 807 2658 in
826 2624 936 2658 nubes

187 2671 330 2715 coyitur
348 2670 597 2715 humoremque
617 2671 786 2715 eolliyens
803 2674 936 2706 terram

188 2720 294 2761 auyet
319 2717 506 2752 imbribus.

235 2764 371 2799 iunctis
390 2775 433 2798 ex
453 2765 576 2799 animo
591 2765 691 2799 tenui
711 2784 754 2789 -
776 2765 932 2809 ignibus.

187 2810 244 2846 Da
283 2811 347 2846 der
384 2811 635 2846 menschliche
675 2811 779 2846 Geist
822 2811 935 2846 selbst

187 2857 292 2892 nicht
317 2869 390 2893 von
417 2869 456 2894 so
483 2858 603 2894 reiner
629 2859 856 2894 Fenernatur
885 2858 935 2893 ist

1006 1541 1085 1576 sich
1110 1554 1179 1576 nur
1214 1542 1270 1595 bis
1306 1555 1349 1576 zu
1379 1542 1444 1577 der
1475 1543 1582 1577 Hohe
1614 1554 1752 1589 empor,

1006 1600 1062 1624 wo
1105 1589 1164 1624 die
1196 1588 1295 1624 reine
1327 1589 1417 1624 Lusi
1447 1590 1586 1635 (anima
1619 1592 1752 1643 tenuis)

1006 1636 1084 1670 sich
1099 1636 1168 1670 mit
1187 1636 1271 1671 dem
1285 1636 1455 1681 feurigen
1468 1636 1586 1671 Α’(1131-
1603 1636 1751 1682 mische,

1007 1683 1071 1717 der
1090 1683 1170 1717 hier
1191 1683 1306 1718 selbst
1325 1684 1421 1718 noch
1440 1683 1545 1718 nicht
1567 1683 1626 1719 die
1646 1684 1752 1720 Klar-

1006 1731 1085 1764 11311,
1104 1729 1179 1764 und
1199 1730 1289 1765 Glut
1309 1730 1372 1764 des
1394 1730 1665 1766 Sonnenfeuers
1685 1732 1753 1767 hat

1008 1777 1137 1820 (daher
1156 1780 1373 1821 temperatus
1392 1779 1504 1812 ardor
1521 1778 1632 1822 solis).
1681 1779 1752 1813 Lu-

1007 1835 1086 1859 can.
1126 1824 1253 1858 Pha-rs.
1293 1824 1342 1858 IX
1387 1829 1407 1859 6
1448 1825 1619 1870 Quodque
1653 1829 1753 1869 patet

1007 1874 1123 1906 terras
1153 1872 1249 1906 inter
1274 1871 1450 1916 lunaeque
1475 1875 1614 1907 meatus
1639 1872 1752 1908 Semi-

1006 1918 1064 1953 dei
1089 1929 1210 1953 manes
1234 1919 1421 1961 habitant,
1441 1929 1530 1963 quos
1548 1919 1655 1964 iynea
1679 1921 1751 1954 vir-

1006 1968 1065 1999 tus
1096 1966 1271 2000 innocuos
1296 1967 1391 2000 vitae
1410 1967 1592 2010 patientes
1617 1967 1753 2002 aetheri

1006 2013 1072 2047 imi
1098 2012 1213 2047 Fecit.

1050 2060 1209 2104 paribus
1239 2060 1396 2094 escamin.
1422 2060 1664 2103 ponderibus,
1701 2060 1753 2095 im

1009 2105 1303 2151 Gleichgewicht
1323 2106 1554 2142 schwebend.
1602 2107 1686 2152 Vgl.
1708 2107 1752 2143 de

1007 2153 1105 2188 deor.
1133 2155 1207 2187 nat.
1234 2153 1268 2187 II
1294 2157 1356 2197 46,
1386 2157 1450 2187 117
1477 2164 1546 2188 sua
1578 2158 1754 2190 momenta

1006 2204 1220 2235 sustentant.

1055 2248 1172 2282 aletur
1199 2267 1241 2272 ——
1267 2248 1381 2282 rebus.
1433 2246 1478 2282 de
1505 2247 1604 2282 deor.
1643 2260 1677 2282 n.
1716 2248 1751 2282 II

1008 2299 1069 2336 46,
1100 2298 1165 2329 118
1203 2294 1299 2329 Sunt
1324 2297 1442 2329 autem
1467 2295 1588 2329 stellae
1613 2298 1751 2330 natura

1009 2343 1211 2385 flammeae;
1252 2342 1422 2385 Quocirca
1458 2345 1592 2384 terrae,
1628 2343 1753 2384 maris,

1009 2400 1189 2433 aquarum
1207 2389 1405 2432 vaporibus
1425 2389 1577 2423 aluntur
1599 2389 1663 2431 iis,
1689 2390 1753 2434 qui

1008 2447 1032 2470 a
1050 2436 1122 2470 sole
1141 2446 1184 2470 ece
1204 2436 1304 2480 ayris
1323 2435 1511 2480 tepefactis
1530 2439 1562 2470 et
1581 2446 1624 2470 ew
1643 2437 1749 2480 aquis

1007 2483 1225 2518 excitantur.
1278 2482 1344 2517 Die
1386 2482 1592 2527 Begierden
1629 2482 1752 2518 haben

1007 2529 1113 2564 ihren
1139 2529 1266 2564 Grund
1291 2528 1329 2563 in
1355 2529 1427 2564 den
1453 2529 1660 2564 sinnlichen
1684 2530 1753 2564 Be—

1008 2576 1216 2611 diirfnissen
1242 2577 1418 2620 (corporis
1435 2576 1545 2620 faces)
1568 2576 1643 2610 und
1663 2587 1752 2611 wer-

1009 2623 1080 2658 den
1106 2623 1309 2668 gesteigerb
1329 2623 1444 2658 durch
1464 2622 1528 2656 das
1542 2622 1753 2668 Verlangen

1008 2671 1149 2705 andern
1175 2681 1222 2705 311
1246 2669 1368 2705 Besitz
1395 2669 1751 2714 gleichzukommen.

1008 2717 1078 2752 Milz
1102 2717 1167 2752 der
1186 2717 1385 2762 Trennung
1410 2716 1473 2750 des
1496 2716 1642 2752 Geistes
1666 2727 1752 2752 vom

1009 2764 1150 2809 Korper
1181 2763 1266 2798 falli
1302 2764 1382 2798 also
1420 2763 1484 2797 der
1522 2763 1649 2798 Grund
1688 2764 1753 2799 der

1007 2811 1187 2856 Begierde
1231 2821 1321 2855 weg.
1384 2801 1484 2845 Uber
1527 2810 1598 2845 den
1641 2810 1749 2856 Konj.

1008 2859 1225 2893 aemulemur
1251 2870 1278 2893 s.
1305 2870 1334 2893 z.
1361 2861 1379 2900 ξ
1407 2861 1460 2892 74.
