1817 3103
273 87 671 125 TUSCULANARUM
696 87 1096 123 DISPUTATIONUM
1124 90 1148 125 l.
1176 96 1325 125 87—90.
1541 91 1597 132 53

787 199 794 206 .
1019 199 1026 206 .
1219 201 1226 207 .
1608 172 1662 212 37

160 200 404 250 Quamquam
436 198 529 249 quid
563 209 662 249 opus
694 203 754 236 est
786 209 825 236 in
858 198 931 235 hoc
963 197 1246 250 philosophari,
1281 213 1369 238 cum
1404 214 1485 239 rem
1519 215 1595 240 non
1611 223 1654 254 89

40 268 276 309 magnopere
308 257 551 308 philosophia
578 268 693 307 egere
721 253 948 294 videamus?
998 255 1188 301 Quotiens
1216 270 1292 295 non
1321 260 1434 296 modo
1462 260 1595 299 ducto-

37 327 102 355 res
139 317 282 367 nostri,
321 316 389 354 sed
429 316 602 354 universi
641 316 759 353 etiam
796 315 993 353 exercitus
1033 315 1077 353 ad
1118 328 1194 353 non
1234 315 1390 353 dubiam
1430 325 1594 357 mortem

39 373 344 414 concurrerunt!
407 374 513 419 Quae
553 373 710 423 quidem
751 375 783 411 si
821 375 1046 424 timeretur,
1086 386 1162 412 non
1197 373 1237 411 L.
1271 373 1417 412 Brutus
1457 388 1595 414 arcens

37 444 126 472 eum
158 432 287 472 reditu
320 440 541 484 tyrannum,
574 443 689 482 quem
723 433 806 483 ipse
838 431 1053 483 expulerat,
1086 433 1125 470 in
1158 432 1306 483 proelio
1341 433 1594 484 concidisset3

36 503 114 530 non
147 503 236 530 cum
269 491 416 530 Latinis
449 491 656 529 decertans
688 496 798 540 pater
830 490 986 542 Decius,
1018 503 1107 529 cum
1140 490 1319 529 Etruscis
1352 491 1472 542 filius,
1505 504 1594 531 cum

35 549 184 602 Pyrrho
230 562 352 601 nepos
397 562 437 588 se
482 549 652 586 hostium
698 549 786 587 telis
830 548 1085 601 obiecissent3
1131 562 1207 587 non
1254 562 1331 588 uno
1379 550 1478 588 bello
1524 563 1594 601 pro

34 610 158 660 patria
199 608 382 647 cadentes
422 608 625 657 Scipiones
664 606 847 658 Hispania
886 607 1064 659 vidisset,
1108 607 1271 646 Paulum
1310 615 1349 647 et
1388 609 1595 649 Geminum

35 667 208 720 Cannae,
252 667 420 705 Venusia
464 665 707 716 Marcellum,
751 665 887 704 Litana
932 665 1134 717 Albinum,
1178 666 1325 706 Lucani
1363 667 1594 711 Gracchum.

34 725 137 765 Num
169 727 257 777 quis
289 726 430 763 horum
463 725 582 762 miser
614 722 759 762 hodie?
801 736 849 762 ue
888 731 972 763 tum
1005 724 1163 775 quidem
1195 732 1284 776 post
1316 728 1498 777 spiritum
1530 741 1593 767 ex-

34 790 222 837 tremum3
255 796 327 822 nec
360 785 464 821 enim
497 788 626 833 potest
658 794 744 821 esse
777 784 896 821 miser
929 785 1136 834 quisquam
1169 796 1287 822 sensu
1320 793 1536 837 perempto.

150 843 198 882 At
235 843 273 881 id
312 843 439 893 ipsum
480 840 659 879 odiosum
691 847 762 893 est,
807 843 890 880 sine
930 854 1048 880 sensu
1090 855 1188 881 esse.
1251 842 1457 896 Odiosum,
1490 847 1523 884 si
1554 847 1592 886 id
1608 851 1652 882 90

33 908 137 942 esset
175 913 330 952 carere3
367 912 456 939 cum
488 911 580 938 vero
620 903 874 951 perspicuum
913 902 963 939 sit
992 900 1088 939 nihil
1114 913 1228 952 posse
1256 903 1294 940 in
1322 915 1368 940 eo
1395 915 1493 955 esse,
1526 908 1593 957 qui

32 962 115 1012 ipse
149 972 227 999 non
262 961 328 1011 sit,
361 958 453 1009 quid
486 964 617 1009 potest
650 971 735 998 esse
768 960 808 997 in
842 972 887 997 eo
921 959 1118 1013 odiosum,
1153 962 1219 1011 qui
1252 973 1324 999 nec
1357 971 1488 1002 careat
1519 977 1592 1003 nec

32 1016 203 1058 sentiat?
245 1018 489 1068 Quamquam
521 1017 594 1055 hoc
629 1017 785 1068 quidem
818 1019 934 1056 nimis
967 1030 1095 1070 saepe,
1127 1019 1194 1057 sed
1228 1031 1286 1071 eo,
1319 1021 1423 1070 quod
1451 1024 1489 1060 in
1517 1023 1591 1062 hoc

31 1079 135 1117 inest
160 1079 287 1116 omnis
315 1078 432 1115 animi
458 1078 674 1115 contractio
701 1089 747 1115 ex
775 1082 881 1115 metu
909 1078 1058 1115 mortis.
1092 1078 1167 1123 Qui
1194 1080 1297 1116 enim
1324 1081 1418 1118 satis
1439 1082 1592 1133 viderit,

31 1136 70 1176 id
96 1136 201 1188 quod
227 1142 288 1175 est
313 1135 399 1174 luce
435 1135 589 1187 clarius,
616 1137 743 1174 animo
777 1141 816 1173 et
848 1148 1013 1186 corpore
1047 1143 1280 1187 consumpto
1316 1143 1477 1190 totoque
1511 1143 1590 1179 ani-

30 1200 160 1234 mante
199 1194 327 1233 deleto
367 1200 405 1232 et
443 1194 543 1231 facto
582 1195 744 1232 interitu
783 1195 966 1232 universo
1006 1194 1099 1233 illud
1132 1195 1291 1247 animal,
1323 1198 1427 1246 quod
1460 1199 1591 1249 fuerit,

30 1253 175 1293 sactum
214 1265 300 1292 esse
339 1251 453 1303 nihil,
494 1253 528 1290 is
566 1253 678 1303 plane
717 1254 931 1304 perspiciet
969 1254 1071 1291 inter
1103 1253 1484 1309 Hippocentaurum,
1523 1260 1591 1309 qui

30 1323 241 1363 numquam
268 1311 400 1362 fuerit,
432 1315 471 1349 et
495 1322 628 1361 regem
654 1311 984 1362 Agamemnonem
1013 1312 1109 1350 nihil
1134 1314 1339 1365 interesse,
1366 1327 1438 1353 nec
1464 1316 1591 1367 pluris

29 1383 133 1411 nunc
172 1371 300 1409 facere
338 1369 386 1407 M.
421 1369 624 1408 Camillum
662 1370 736 1408 hoc
776 1370 886 1408 civile
924 1369 1088 1423 bellum,
1134 1383 1249 1422 quam
1289 1384 1359 1423 ego
1401 1374 1466 1412 illo
1505 1377 1589 1414 vivo

30 1430 190 1470 fecerim
223 1428 385 1467 Romam
424 1434 586 1479 captam.
649 1428 727 1467 Cur
765 1430 884 1479 igitur
923 1434 962 1467 et
994 1429 1178 1468 Camillus
1218 1429 1385 1484 doleret,
1424 1435 1457 1472 si
1494 1434 1589 1473 haec

75 1530 168 1574 Kap.
195 1529 259 1565 37.
300 1533 354 1564 89.
395 1533 675 1571 eonem-rerunt,
720 1530 771 1564 sie

29 1577 140 1612 liefen
173 1577 378 1622 gleichsam
410 1587 482 1611 von
517 1577 616 1611 allen
647 1576 772 1611 Seiten

28 1635 257 1667 zusammen,
293 1624 475 1667 drangten
509 1624 589 1658 sich
616 1623 771 1658 danach.

27 1671 76 1706 So
102 1670 195 1705 wird
221 1671 286 1705 das
300 1670 409 1705 NVorh
434 1671 530 1705 auch
554 1682 627 1706 von
653 1670 771 1705 einen]

27 1717 216 1753 einzelnen
266 1718 480 1761 gebraucht.
546 1729 580 1762 p.
627 1718 770 1759 Quinct.

27 1769 82 1809 16,
110 1768 153 1798 53
186 1765 219 1799 si
249 1765 461 1808 dupondius
492 1768 577 1799 tuus
608 1768 772 1808 afferetur

28 1832 71 1837 —
102 1822 177 1846 non
207 1811 330 1846 statim
362 1811 411 1845 ad
446 1811 483 1845 O.
510 1812 702 1855 Aquilium
727 1832 770 1836 ——

27 1857 295 1894 concurrisses?
358 1857 426 1892 Die
470 1858 655 1903 Beispiele
699 1870 772 1893 von

25 1905 379 1949 Todesveraohtung
413 1905 475 1939 bei
507 1905 578 1940 den
610 1905 772 1940 Romern

27 1951 144 1988 sollen
187 1951 389 1994 beweisen,
435 1951 512 1986 class
555 1954 663 1987 unter
701 1953 772 1986 den

26 1998 189 2034 Romern
208 1998 314 2033 nicht
333 1999 391 2033 die
407 1999 584 2044 Meinung
603 2000 771 2042 besband,

27 2045 85 2080 die
111 2046 231 2081 Toten
256 2046 356 2080 seien
382 2046 634 2090 ungliicklieh.

73 2092 116 2127 L.
155 2093 299 2127 Brutus
342 2092 404 2127 fiel
442 2097 509 2127 509
554 2104 675 2138 gegen
712 2093 770 2127 die

26 2138 203 2184 Vejenter
228 2139 304 2173 und
324 2139 383 2174 die
403 2140 662 2175 vertriebenen
682 2141 770 2174 Tar-

31 2186 175 2230 quinier
200 2197 261 2221 am
285 2186 418 2221 Walde
445 2187 563 2221 Arsia.

69 2237 176 2277 pater
207 2233 352 2269 Decius.
403 2233 491 2268 Dies
524 2234 595 2269 soll
628 2238 696 2269 340
731 2234 769 2268 in

27 2279 92 2314 der
117 2280 294 2315 Schlaeht‘,
325 2290 384 2314 am
410 2281 533 2315 Vesuv
559 2282 768 2325 geschehen

27 2325 115 2369 sein,
142 2327 237 2361 doeh
261 2327 470 2371 behauptet
495 2327 702 2363 Mommsen
725 2329 767 2364 R.

27 2372 69 2410 Gr.
99 2373 116 2407 I
148 2373 183 2408 S.
210 2377 296 2415 329,
342 2373 423 2408 dass
462 2374 519 2408 die
558 2374 768 2419 Erziihlung

27 2419 110 2455 dem
137 2420 338 2464 Opfertode
377 2421 440 2455 des
477 2420 618 2456 Sohnes
656 2423 767 2456 nach-

26 2466 216 2511 gediehtet
254 2468 317 2502 sei.
368 2467 443 2502 Der
476 2468 577 2503 Sohn
611 2469 672 2502 fiel
707 2469 767 2503 bei

28 2513 218 2548 Sentinum
244 2518 312 2549 295
339 2525 459 2559 gegen
492 2515 549 2549 die
577 2515 767 2551 Samniten

26 2560 101 2594 und
126 2559 314 2596 Etrusker.
353 2561 435 2596 Von
461 2562 544 2596 dem
565 2562 766 2607 Opfertode

27 2605 90 2642 des
101 2607 238 2643 Enkels
258 2608 400 2642 erzahlt
419 2620 487 2642 nur
508 2608 646 2652 Cicero,
666 2611 766 2645 w‘ah·

25 2653 116 2688 tend
139 2653 209 2690 Dio
236 2654 336 2690 Cass.
351 2654 438 2688 VIII
458 2660 478 2689 3
506 2655 766 2692 ausdriicklieh

26 2698 198 2746 bezeugt,
230 2713 268 2736 es
294 2702 346 2736 sei
373 2701 431 2737 die
457 2702 559 2737 Recle
584 2714 765 2748 gewesen,

27 2745 104 2781 dass
130 2758 168 2782 er
191 2747 269 2782 sich
294 2748 354 2783 bei
379 2748 557 2783 Asculum
577 2753 644 2784 279
669 2751 765 2785 habe

27 2793 155 2845 opfem
184 2794 335 2838 wossen,
367 2806 406 2830 er
437 2796 534 2831 habe
567 2796 644 2832 dies
676 2797 765 2832 aber

25 2839 130 2874 mohiz
153 2841 379 2886 ausgefiihrt.

893 1530 958 1565 Cn.
996 1531 1174 1566 Servilius
1215 1531 1389 1567 Geminus
1432 1535 1494 1569 fiel
1537 1535 1592 1570 als

846 1577 1029 1612 Konsular
1054 1583 1135 1621 216,
1161 1579 1360 1615 Marcellus
1387 1585 1466 1616 208.

891 1633 1044 1672 Litffma.
1069 1638 1107 1672 in
1127 1638 1191 1673 der
1210 1638 1315 1673 Nahe
1344 1651 1416 1675 von
1435 1640 1590 1676 Mutina.

846 1683 922 1718 Liv.
950 1683 1071 1718 XXIII
1098 1689 1153 1727 24,
1182 1689 1201 1720 6
1234 1696 1313 1720 eum
1345 1698 1404 1721 eae
1435 1699 1490 1722 res
1515 1700 1589 1723 mcc-

844 1731 939 1765 asinae
969 1736 1178 1775 ayereutzcr,
1216 1743 1310 1767 nova
1347 1735 1466 1769 clades
1496 1747 1590 1770 nun-

845 1779 938 1812 tiata
976 1798 1022 1802 —
1059 1779 1102 1814 L.
1146 1780 1374 1815 Postumium
1411 1783 1590 1817 consulem

845 1826 1072 1869 desiqnatzmz
1103 1827 1143 1860 in
1177 1827 1303 1861 Gallia
1334 1829 1453 1872 ipsum
1484 1833 1590 1874 atque

845 1873 1039 1906 emereitum
1065 1873 1202 1908 deletos.
1255 1875 1348 1909 silva
1381 1879 1458 1910 erat
1484 1881 1588 1911 vasta,

846 1939 887 1944 —
916 1918 1093 1954 Litaozwn
1120 1920 1220 1955 Galli
1244 1923 1422 1957 vocabant
1444 1944 1485 1948 —
1516 1936 1589 1968 qua

844 1968 1038 2001 exereitum
1065 1969 1301 2003 traducturus
1326 1974 1412 2004 erat.
1452 1970 1500 2004 Es
1526 1983 1588 2016 ge-

845 2013 960 2048 sehah
986 2013 1064 2049 dies
1091 2015 1179 2050 bald
1204 2016 1300 2050 nach
1327 2017 1391 2051 der
1412 2017 1589 2052 Schlacht

844 2060 904 2094 bei
929 2060 1065 2095 Canna.
1087 2082 1131 2087 -
1158 2062 1346 2098 Gracchus
1374 2065 1498 2098 wurde
1519 2069 1586 2099 213

846 2107 960 2142 durch
987 2109 1097 2153 Mago
1124 2111 1279 2154 gestitet.

892 2169 946 2200 90.
974 2167 1054 2209 hoe,
1086 2168 1248 2203 namlieh
1276 2168 1354 2204 dass
1381 2169 1440 2204 die
1469 2171 1588 2206 Toten

844 2212 951 2247 keine
978 2214 1228 2260 Empfindung
1259 2216 1390 2251 haben.
1443 2218 1483 2251 in
1511 2218 1586 2259 hoc,

842 2259 880 2293 in
906 2259 989 2294 dem
1017 2260 1201 2304 kaben,
1238 2262 1317 2297 dass
1344 2263 1396 2298 sie
1422 2264 1586 2309 Empfin-

843 2306 943 2351 dung
980 2308 1122 2343 hatten.
1173 2310 1233 2344 sed
1270 2321 1309 2344 eo
1346 2312 1459 2355 quod,
1498 2312 1587 2347 aber

841 2365 908 2387 nur
935 2365 999 2389 aus
1025 2355 1108 2389 dem
1136 2355 1295 2398 Grunde,
1321 2357 1416 2392 weil.

889 2413 1006 2447 animi
1026 2416 1233 2450 contractio.
1262 2415 1310 2450 IV
1331 2421 1387 2458 31,
1404 2421 1447 2452 66
1468 2419 1585 2452 eodem

840 2459 928 2494 vitio
964 2464 1014 2495 est
1050 2462 1177 2504 effusio
1213 2464 1330 2497 animi
1359 2465 1401 2498 in-
1433 2466 1585 2507 laetitia,

839 2516 908 2550 quo
933 2507 975 2541 in
999 2509 1119 2543 dolore
1145 2511 1352 2545 contractio.

838 2612 861 2653 f
886 2565 1200 2611 Ayamemozonem,
1225 2569 1389 2604 namlich
1410 2571 1473 2614 qui
1499 2571 1584 2605 olim

858 2614 961 2646 uerit.

885 2659 949 2694 hoc
975 2661 1078 2695 civile
1103 2662 1244 2705 bellum,
1270 2664 1329 2698 die
1351 2663 1583 2708 Streitigkei-

838 2706 901 2739 ten
944 2707 1128 2743 zwisehen
1168 2710 1350 2755 Antonius
1393 2711 1468 2744 und
1512 2710 1582 2744 den

837 2752 1152 2789 Versehworenen
1171 2757 1268 2790 nach
1291 2757 1421 2791 Casars
1435 2757 1581 2792 Ermor—

837 2799 947 2843 dung.
987 2800 1021 2836 S.
1049 2801 1144 2836 Einl.
1171 2806 1190 2844 ξ
1220 2807 1248 2837 1.

886 2845 960 2880 Om-
985 2848 1118 2891 iyitur:
1153 2849 1217 2883 der
1247 2849 1422 2895 folgende
1449 2850 1580 2886 Zusatz
