1790 3103
78 485 130 525 16

87 537 131 568 34

146 101 202 141 22
667 98 714 135 M.
742 99 902 134 TULLII
929 98 1180 135 CICERONIS

145 222 234 249 cum
268 211 410 248 cecinit
447 211 641 260 receptui,
680 208 828 260 inpellit
867 220 1026 247 rursum
1065 214 1102 246 et
1140 209 1275 246 incitat
1315 208 1359 246 ad
1400 209 1695 260 conspiciendas

145 274 303 318 totaque
337 274 466 306 mente
500 267 800 306 contrectandas
827 268 949 305 varias
978 266 1214 317 voluptates,
1247 266 1390 316 quibus
1423 265 1486 306 ille
1519 273 1558 306 et
1588 279 1695 318 prae-

144 328 350 365 teritarum
382 328 568 364 memoria
601 332 639 364 et
671 338 738 377 spe
773 326 1098 375 consequentium
1138 326 1323 374 sapientis
1357 326 1472 363 vitam
1514 325 1698 365 refertam

146 390 265 436 putat.
328 384 431 423 Haec
464 390 598 423 nostro
631 396 738 422 more
779 395 849 422 nos
887 383 1073 433 diximus,
1112 382 1287 433 Epicurii
1325 383 1461 422 dicunt
1499 395 1589 436 suo3
1630 383 1698 422 sed

146 455 245 494 quae
278 443 408 482 dicant
441 443 657 494 videamus,
690 454 767 492 quo
801 441 933 493 modo,
967 440 1228 491 neglegamus.
1468 482 1479 488 ,

263 502 460 552 Principio
494 501 592 539 male
626 500 921 551 reprehendunt
951 498 1340 550 praemeditationem
1378 511 1512 538 rerum
1551 501 1698 538 sutura—

146 572 246 599 rum.
308 560 412 598 Nihil
451 565 510 598 est
549 560 651 597 enim
691 558 793 609 quod
834 565 909 597 tam
950 557 1140 596 obtundat
1181 557 1383 608 elevetque
1416 557 1700 609 aegritudinem

147 631 262 670 quam
296 624 485 669 perpetua
518 619 557 655 in
590 619 695 655 omni
730 618 802 655 vita
836 618 1017 667 cogitatio
1052 616 1147 654 nihil
1174 628 1258 655 esse
1286 617 1389 667 quod
1417 628 1495 655 non
1522 616 1699 655 accidere

117 674 120 702 ἶ
146 679 287 728 possit,
321 688 436 727 quam
469 675 668 714 meditatio
703 675 938 714 conditionis
971 675 1179 726 humanae,
1219 686 1335 725 quam
1369 676 1465 714 vitae
1504 673 1565 714 lex
1598 686 1700 713 com-

121 737 412 786 smentatioque
445 734 625 785 parendi,
658 746 756 785 quae
790 746 867 771 non
900 733 974 771 hoc
1007 732 1150 784 adfert,
1183 739 1225 771 ut
1258 745 1412 784 semper
1446 745 1701 784 maci-eamus,

110 793 214 832 sed
258 802 300 832 ut
342 805 566 844 numquam.

629 792 764 843 Neque
810 793 913 830 enim
959 793 1025 842 qui
1071 803 1202 830 rerum
1250 797 1445 844 naturam,
1491 793 1558 842 qui
1601 792 1700 830 vitae

114 855 125 898 ,ε’
147 853 388 903 varietatem,
424 853 490 902 qui
522 851 815 890 inbecillitatem
841 852 996 901 generis
1029 850 1189 888 humani
1219 852 1379 902 cogitat,
1414 856 1578 901 maeret,
1612 861 1701 888 cum

147 910 242 948 haec
287 912 448 962 cogitat,
493 910 561 948 sed
608 916 688 948 tum
734 909 792 947 vel
837 910 1001 946 maxime
1047 910 1259 958 sapientiae
1308 909 1483 959 fungitur
1528 919 1702 947 munere.

89 1389 138 1420 35.

147 968 365 1019 Utrumque
404 969 507 1006 enim
547 969 821 1018 consequitur,
867 973 908 1004 ut
954 972 992 1005 et
1033 966 1326 1005 considerandis
1366 966 1484 1005 rebus
1523 967 1703 1005 humanis

147 1028 305 1078 proprio
333 1026 599 1077 philosophiae
628 1026 780 1064 fruatur
807 1025 935 1062 officio
969 1030 1007 1062 et
1041 1024 1213 1062 adversis
1247 1024 1401 1063 casibus
1434 1025 1578 1076 triplici
1611 1036 1701 1063 con-

147 1085 334 1123 solatione
368 1090 547 1123 sanetur:
580 1085 749 1135 primum
759 1115 769 1134 ,
802 1083 905 1133 qnod
932 1094 1046 1133 posse
1075 1082 1252 1121 accidere
1280 1082 1346 1121 diu
1374 1084 1572 1134 cogitavit,
1605 1094 1703 1133 quae

148 1145 329 1194 cogitatio
364 1155 439 1182 una
473 1144 636 1181 maxime
671 1142 868 1180 molestias
911 1153 1047 1179 omnes
1085 1147 1270 1180 extenuat
1308 1147 1345 1179 et
1384 1141 1513 1193 diluit3
1552 1141 1705 1193 deinde,

148 1202 251 1252 quod
284 1202 451 1240 humana
484 1202 652 1239 humane
680 1199 840 1239 serenda
866 1199 1073 1251 intellegit3
1106 1204 1321 1251 postrenm,
1355 1199 1458 1250 quod
1492 1199 1595 1238 videt
1628 1211 1704 1237 ma-

148 1260 227 1299 lum
261 1260 410 1299 nullum
445 1272 530 1298 esse
564 1261 638 1297 nisi
671 1259 843 1310 culpam,
875 1258 1028 1308 culpam
1055 1264 1185 1296 autem
1218 1258 1363 1296 nullam
1396 1270 1499 1309 esse,
1533 1270 1622 1297 cum
1654 1257 1705 1309 id,

149 1318 252 1370 quod
286 1318 332 1357 ab
366 1319 522 1357 homine
555 1330 633 1356 non
667 1318 838 1368 potuerit
871 1318 1080 1367 praestari,
1113 1319 1297 1355 evenerit.

266 1377 361 1416 Nam
395 1378 588 1416 revocatio
623 1376 704 1427 illa,
737 1387 852 1426 quam
880 1375 1023 1426 adfert,
1056 1386 1146 1413 cum
1178 1388 1197 1413 a
1231 1374 1464 1414 contuendis
1492 1386 1561 1412 nos
1594 1373 1705 1412 malis

147 1443 298 1487 avocat,
339 1436 442 1474 nulla
482 1441 551 1474 est.
614 1434 699 1472 Non
740 1440 799 1472 est
837 1435 939 1471 enim
978 1435 1017 1471 in
1050 1438 1182 1471 nostra
1217 1439 1409 1485 potestate
1443 1431 1704 1471 fodicantibus

148 1537 207 1571 die
230 1537 485 1581 Betraehtung
504 1548 538 1570 u.
555 1547 581 1570 s.
598 1547 661 1579 w.‚
684 1535 772 1569 aber
792 1535 891 1568 diese

147 1583 334 1627 Prolepsis
343 1581 726 1617 widerstrethiceros
736 1581 891 1625 Sprach-

147 1630 346 1675 gebrauch.
402 1629 547 1664 Andere
592 1629 711 1663 haben
755 1629 894 1662 hebetat

149 1677 407 1721 gesohrieben,
451 1677 538 1711 aber
573 1675 692 1710 dieses
728 1674 892 1709 Verbum

149 1724 263 1758 findet
298 1723 377 1758 sich
415 1736 456 1757 zu
497 1722 643 1758 Ciceros
683 1721 762 1756 Zeit
799 1721 894 1756 noch

148 1772 261 1805 nieht.

196 1818 323 1852 cecinit
363 1818 518 1861 receptui
558 1833 599 1844 ε
639 1818 783 1856 avocat,
833 1814 891 1849 ein

149 1864 209 1899 bei
230 1865 406 1899 Diehtern
433 1864 506 1897 und
532 1863 571 1897 in
591 1863 705 1897 Prosa
725 1861 891 1906 haufiges

149 1911 233 1945 Bild
266 1911 340 1945 fiir:
383 1911 463 1945 ‘das
504 1910 662 1944 Zeiehen
699 1921 780 1942 zum
806 1907 893 1942 Auf-

150 1958 264 1993 hbreu
290 1958 436 2002 geben’.

197 2005 374 2049 Epicurii
417 2005 544 2038 dicunt
590 2013 672 2037 suo:
729 2001 893 2036 ntimlich

150 2052 245 2086 ohne
266 2051 427 2096 Eleganz
448 2050 486 2084 in
506 2049 576 2084 Stil
596 2049 670 2084 und
685 2048 892 2083 Ausdruck.

151 2098 186 2135 S.
214 2099 246 2132 11
273 2102 310 2141 3,
338 2102 368 2132 8.
421 2098 435 2131 Ι
462 2102 501 2141 3,
529 2102 560 2131 6.

198 2145 290 2189 Kap.
313 2145 375 2179 16.
426 2148 481 2179 34.
506 2144 597 2178 male
617 2143 892 2186 reprehendunt,

150 2192 219 2226 mit
238 2191 404 2226 Unreeht
428 2191 573 2233 'eadelm
600 2190 674 2234 vgl.
703 2194 734 2232 2,
764 2193 783 2223 3
810 2189 894 2223 bene

150 2240 324 2274 iudicare.

197 2287 292 2320 citae
318 2286 392 2327 lew,
424 2285 456 2320 d.
484 2284 506 2319 i.
532 2294 702 2328 suprema
728 2284 802 2325 lew,
828 2293 894 2317 na-

152 2336 255 2367 turae
281 2333 355 2373 lew,
394 2333 520 2374 fatum.
572 2331 651 2364 ihm
692 2330 771 2364 sich
810 2329 893 2364 frei-

153 2379 271 2423 willig
298 2378 371 2413 und
399 2378 493 2413 ohne
520 2378 667 2412 Murren
699 2389 742 2410 zu
771 2378 894 2410 unter-

152 2426 307 2468 werfen,
360 2425 492 2459 stellen
539 2424 598 2459 die
644 2423 792 2458 Stoiker
843 2422 896 2457 als

153 2475 268 2508 erstes
289 2472 362 2506 und
382 2470 672 2516 vorziigliehstes
693 2470 813 2505 Gebot
833 2469 897 2504 der

155 2519 387 2555 Sittlichkeit.
418 2518 491 2552 hin.
528 2538 570 2543 —
605 2517 678 2552 Der
704 2517 897 2551 Ausdruck

154 2567 202 2600 ist
228 2566 432 2610 abgeksirzt
451 2565 509 2599 fiir
535 2565 782 2599 commentatio
802 2564 897 2598 vitae

154 2614 249 2658 Ieyis.
302 2612 385 2656 Vgl.
413 2616 476 2655 25,
499 2615 543 2646 60
569 2612 757 2646 necessitas
782 2610 896 2653 feren-

154 2661 221 2695 dae
247 2660 466 2694 conditionis
494 2679 535 2683 -
556 2659 734 2702 prohibet.

202 2707 447 2742 commentatio
474 2706 652 2749 parendi:
684 2705 716 2738 d.
751 2704 773 2738 i.
808 2714 896 2738 com-

154 2754 325 2788 mentatio
362 2754 480 2788 decere
514 2763 579 2787 izos
609 2762 796 2796 supremae
829 2751 899 2795 leyi

150 2811 291 2844 parere.

201 2848 289 2891 phil.
317 2847 468 2890 fruatur
493 2846 632 2890 officio,
659 2845 691 2879 d.
707 2844 728 2881 i.
755 2844 897 2880 delecte-

965 1538 1024 1568 tm·
1046 1535 1252 1580 perayemlo
1278 1534 1417 1577 officio,
1443 1533 1527 1568 weil
1553 1533 1613 1568 die
1640 1534 1706 1568 Be-

966 1592 1128 1625 sorgung
1154 1580 1273 1615 dieser
1293 1580 1428 1615 Pflicht
1448 1580 1617 1625 zugleich
1638 1579 1706 1615 Ge-

964 1627 1047 1661 nuss
1072 1627 1240 1662 bereitet.

1012 1675 1173 1709 humana
1216 1675 1369 1709 humane
1412 1673 1571 1716 ferenda.
1622 1671 1705 1717 Vgl.

967 1722 1000 1755 II
1027 1725 1082 1762 27,
1104 1724 1147 1755 65
1174 1722 1313 1756 morbos
1336 1741 1375 1745 μ
1397 1721 1552 1755 humane
1570 1719 1704 1762 ferunt.

968 1768 1042 1802 Das
1068 1768 1272 1811 Wortspiel
1304 1769 1465 1802 humana
1495 1768 1650 1801 humane
1679 1766 1706 1808 f.

965 1815 1015 1849 ist
1041 1814 1125 1849 dem
1146 1813 1408 1849 Griechischeu
1432 1812 1706 1858 nachgebildet.

965 1861 1063 1896 Plut.
1091 1872 1188 1895 cons.
1216 1861 1254 1895 in
1280 1861 1401 1905 Apoll.
1428 1864 1472 1896 32
1507 1860 1707 1899 πείθοντες

966 1906 1010 1942 τὰ
1038 1905 1146 1942 κοινοὶ
1169 1908 1233 1942 τοῦ
1257 1909 1337 1954 βίου
1359 1904 1612 1963 συμπτώματα
1632 1918 1708 1940 κοι-

965 1955 1037 1994 νῶς
1064 1953 1195 1998 φέρειν
1221 1954 1284 1989 καὶ
1317 1952 1362 1988 τὰ
1389 1952 1614 1998 ἄνθρωπινα
1641 1949 1706 1986 ἄν·

965 2002 1174 2045 θρωπίνως.
1206 2001 1304 2036 Aber
1323 2001 1419 2035 auch
1439 2001 1534 2036 ohne
1553 2001 1708 2035 humane

967 2049 1050 2093 sagt
1075 2047 1148 2083 Cic.
1175 2048 1225 2081 ΙΙΙ
1251 2051 1270 2089 ξ
1297 2051 1340 2082 60
1376 2048 1565 2082 necessitas
1589 2047 1704 2089 feren·
1766 2084 1767 2087 Ἰ

964 2096 1031 2131 dae
1057 2095 1274 2129 conditionis
1304 2095 1493 2128 humanae.

1006 2142 1210 2186 praestari:
1245 2141 1309 2175 der
1335 2140 1528 2175 Ausdruck
1560 2139 1610 2174 ist
1642 2149 1708 2173 aus
1766 2130 1768 2172 i

966 2189 1030 2223 der
1045 2187 1386 2232 Gerichtsspraehe,
1407 2186 1480 2221 ‘fiir
1494 2186 1553 2221 die
1568 2185 1708 2221 Schuld
1766 2191 1767 2206 ³

967 2236 1066 2270 eines
1107 2235 1246 2269 anderu
1272 2235 1338 2279 gub
1363 2233 1506 2278 sagen’,
1537 2233 1617 2268 hier
1647 2243 1708 2267 ne-

967 2282 1086 2328 gativ:
1133 2282 1255 2316 ‘daftir
1291 2281 1436 2323 steheu,
1476 2279 1556 2314 dass
1595 2280 1709 2314 etwas

968 2330 1073 2364 nicht
1098 2328 1317 2373 geschicht’.

1016 2380 1070 2411 35.
1110 2376 1228 2410 Nam:
1266 2375 1330 2409 das
1366 2374 1593 2419 sogenannte
1624 2384 1710 2408 ‘nam
1765 2374 1766 2387 ³

968 2424 1006 2458 in
1031 2423 1096 2457 der
1121 2422 1333 2466 occupatio:
1371 2421 1454 2456 Von
1486 2420 1550 2455 der
1576 2419 1709 2454 Ablen-

969 2471 1071 2514 kung
1105 2470 1168 2504 des
1201 2468 1345 2504 Geistes
1376 2467 1463 2502 rede
1498 2467 1559 2502 ich
1594 2466 1708 2508 nicht,

969 2517 1065 2552 deun
1090 2528 1124 2550 u.
1153 2528 1178 2550 s.
1205 2528 1248 2552 w.
1298 2516 1347 2550 Es
1372 2514 1464 2549 wird
1489 2514 1567 2549 also
1594 2513 1709 2548 durch

970 2563 1070 2598 diese
1096 2563 1242 2598 Formel
1268 2562 1327 2597 die
1347 2561 1584 2604 E1·w{i.hnung
1610 2559 1710 2594 eines

970 2621 1089 2645 neuen
1114 2609 1236 2644 Teiles
1272 2608 1491 2654 eingefiihrt.
1541 2606 1625 2651 Vgl.
1653 2609 1711 2649 25,

972 2661 1015 2693 60
1054 2668 1139 2692 nam
1176 2657 1278 2691 illam
1322 2656 1462 2700 quidem
1500 2654 1708 2689 orationem.

972 2709 1032 2748 30,
1061 2708 1103 2738 73
1139 2714 1224 2738 ‘nam
1255 2703 1350 2748 quod
1384 2702 1491 2736 aiunt
1514 2701 1708 2744 plerosque.

973 2750 1131 2795 Seyffert
1157 2751 1239 2785 Sch.
1266 2751 1348 2784 Lat.
1377 2749 1391 2782 Ι
1416 2760 1450 2792 p.
1478 2752 1523 2782 30
1543 2747 1566 2782 f.

1018 2798 1282 2840 fodicantibus,
1308 2795 1381 2840 vgl.
1409 2795 1442 2829 Il
1468 2797 1486 2837 ξ
1509 2798 1552 2829 33
1573 2793 1710 2839 punyit

971 2845 1073 2880 dolor
1098 2845 1151 2879 vel
1174 2844 1292 2887 fodiat
1318 2853 1413 2878 sane.
