1790 3103
125 730 182 772 29

190 93 249 133 40
711 93 758 129 Μ,
785 93 945 128 TULLII
972 93 1223 129 CICERONIS

195 202 328 241 tudine
367 209 617 255 premuntur3
662 203 764 242 nulla
804 205 907 242 enim
944 204 1180 242 admiscetur
1218 205 1348 255 opinio
1387 204 1550 243 officiosi
1581 184 1751 247 doloris.x

196 260 316 313 Quid,
361 263 426 312 qui
470 274 547 300 non
591 268 729 313 putant
769 262 979 312 lugendum
1017 259 1138 300 viris?
1182 261 1305 312 qualis
1344 262 1418 301 fuit
1455 262 1497 308 Q.
1536 263 1739 305 Maxumus

193 320 361 359 efferens
394 320 515 359 filium
547 320 809 372 consularem,
849 320 972 371 qualis
1004 319 1045 358 L.
1077 319 1220 359 Paulus
1252 319 1405 360 duobus
1436 323 1570 372 paucis
1601 322 1753 364 diebus

195 380 346 417 amissis
379 379 478 431 filiis,
511 379 634 430 qualis
660 380 707 418 M.
735 379 827 418 Cato
860 384 1039 430 praetore
1072 379 1273 429 designato
1306 385 1460 418 mortuo
1486 380 1575 432 filio,
1607 381 1739 432 quales

136 447 178 478 71
196 437 354 489 reliqui,
391 450 488 488 quos
519 439 559 476 in
593 438 863 476 Consolatione
896 437 1146 489 conlegimuS.

194 498 270 535 nisi
302 497 405 548 quod
437 496 586 535 luctum
618 503 657 535 et
688 508 905 535 maerorem
937 509 1023 535 esse
1063 509 1139 535 non
1178 496 1365 547 putabant
1397 495 1495 536 viri?
1556 497 1659 549 Ergo
1690 498 1744 551 id,

197 556 301 606 quod
334 555 397 594 alii
423 561 575 594 rectum
602 556 806 606 opinantes
832 555 1065 606 aegritudini
1092 568 1133 594 se
1161 555 1287 594 solent
1312 555 1466 607 dedere,
1497 555 1536 594 id
1561 556 1601 595 hi
1627 563 1743 608 turpe

188 620 377 665 ¹putantes
422 613 703 664 aegritudinem
748 613 1015 665 reppulerunt.

194 679 345 724 natura,
377 672 444 711 sed
476 674 515 710 in
548 674 729 724 opinione
762 685 848 711 esse
880 673 1173 724 aegritudinem.

315 730 458 769 Contra
502 731 687 770 dicuntur
728 732 841 770 haec:
885 733 972 782 quis
1013 738 1090 770 tam
1134 732 1312 784 demens,
1357 737 1400 770 ut
1439 744 1510 771 sua
1551 732 1747 771 voluntate

196 787 395 828 maereat?
455 790 600 828 Natura
639 790 765 829 adfert
803 790 994 842 dolorem,
1032 792 1095 829 cui
1134 791 1290 841 quidem
1328 790 1510 842 Crantor,
1550 792 1746 843 inquiunt,

195 855 325 887 vester
357 849 574 888 cedendum
602 854 727 900 putat;
760 851 901 900 premit
934 850 1037 887 enim
1063 855 1178 899 atque
1205 851 1322 888 instat
1348 861 1420 888 nec
1447 851 1578 888 resisti
1603 855 1746 900 potest.

195 907 330 958 Itaque
364 907 496 946 Oileus
527 907 591 945 ille
623 908 723 958 apud
752 907 995 960 Sophoclem,
1028 909 1094 958 qui
1121 908 1369 946 Telamonem
1401 914 1513 947 antea
1544 907 1590 947 de
1618 908 1747 947 Aiacis

196 971 322 1004 morte
356 966 578 1005 consolatus
611 972 726 1018 esset,
758 968 791 1004 is
824 979 912 1005 cum
945 966 1156 1005 audivisset
1188 966 1235 1004 de
1268 979 1351 1018 suo,
1383 966 1530 1005 fractus
1563 973 1632 1006 est.
1690 966 1748 1005 De

197 1026 310 1064 cuius
342 1030 578 1063 commutata
610 1030 739 1063 mente
772 1026 827 1063 sic
860 1025 1020 1063 dicitur:

346 1096 427 1134 Nec
459 1095 552 1133 ve'ro
585 1100 697 1133 tcmta
724 1094 937 1144 praeditus
968 1094 1167 1144 sapie'nte'a

344 1156 552 1202 quisquam
584 1153 651 1202 e'st,
684 1156 754 1202 qui
783 1156 953 1193 aliorum
985 1153 1219 1192 aerumnam
1252 1156 1368 1193 dictis
1401 1153 1592 1194 adlevans

343 1224 421 1251 non
454 1211 567 1261 idem,
601 1224 687 1251 cum
717 1212 886 1261 fortuna
917 1217 1070 1251 mutata
1103 1211 1286 1262 impetum

345 1271 563 1319 convertat,
595 1274 711 1311 clade
741 1271 873 1311 subita
901 1271 1125 1320 srcmqatur
1155 1283 1241 1319 sua,

346 1336 389 1369 ut
420 1329 489 1369 illa
522 1332 578 1369 ad
607 1333 706 1369 alios
738 1329 845 1369 dicta
879 1336 915 1369 el
942 1335 1166 1379 praecepta
1198 1330 1400 1369 excidant.

246 1443 401 1486 officiosi
449 1443 600 1484 doloris,
657 1442 939 1487 Verpfliehtung

198 1502 262 1525 zur
287 1490 435 1525 Trauer.
481 1490 563 1535 Vgl.
584 1494 603 1532 ἓ
625 1493 668 1524 64
694 1491 801 1534 quasi
825 1491 939 1534 officii

198 1538 347 1573 iudicio.

249 1584 289 1629 Q.
318 1583 510 1618 Maximus
538 1582 752 1618 Cunctator:
785 1584 829 1619 de
864 1595 937 1620 sen.

199 1636 240 1673 4.
270 1635 311 1665 12
345 1631 471 1665 Multa
502 1631 543 1664 in
572 1641 610 1665 eo
641 1632 719 1666 viro
749 1633 940 1675 praeclara

199 1679 365 1724 cognovi,
398 1678 458 1712 secl
482 1678 575 1712 m‘hz‘l
600 1682 649 1713 est
674 1679 940 1721 admirabilius,

200 1737 308 1771 quam
357 1725 528 1769 quomodo
576 1725 636 1760 ille
684 1729 827 1760 mortem
869 1727 940 1769 filii

200 1774 303 1815 tulit,
339 1773 431 1807 clari
455 1772 528 1806 viri
553 1776 584 1806 et
609 1773 819 1807 consularis.
870 1773 940 1807 Est

200 1821 243 1855 in
285 1820 453 1854 vzauibus
491 1820 674 1861 laudatio,
716 1831 822 1864 quam
860 1831 939 1854 cum

201 1868 362 1912 leytmus,
381 1877 480 1910 quem
495 1867 746 1911 philosophum
765 1877 839 1902 non
858 1877 940 1902 con—

201 1915 382 1949 temninus
389 1914 408 1946 12

248 1962 292 1997 L.
319 1961 496 1995 Aemilius
524 1959 668 1996 Paulus
698 1961 800 1996 hatte
833 1962 939 1996 einen

203 2008 323 2043 seiner
355 2007 476 2041 Sohne
508 2018 580 2042 von
612 2008 649 2043 Ρ.
677 2007 817 2052 Scipio,
856 2009 939 2042 dem

203 2055 304 2091 Sohn
342 2055 404 2089 des
442 2054 582 2088 {ilteren
620 2054 831 2098 Africanus,
870 2055 940 2089 den

203 2102 356 2137 zweiten
376 2113 448 2136 von
471 2101 509 2147 Q.
526 2102 669 2136 Fabius
687 2102 806 2137 Labeo
826 2102 939 2147 adop-

202 2149 320 2184 tieren
346 2150 483 2191 lassen,
522 2148 581 2182 die
607 2148 738 2183 beiden
759 2149 942 2194 jiingeren

205 2196 353 2231 starben
378 2195 417 2229 in
442 2195 512 2230 den
538 2195 680 2240 Tagen,
707 2196 762 2231 als
788 2206 826 2230 er
851 2197 942 2231 iiber

202 2244 358 2278 Perseus
381 2243 649 2287 triumphierte.

254 2291 310 2324 M.
358 2290 513 2324 Porcius
558 2290 665 2324 Cato:
715 2289 792 2325 sein
843 2290 943 2325 Sohn

205 2337 306 2372 starb
350 2335 405 2371 als

204 2396 237 2419 v.
266 2383 348 2418 Chr.

450 2347 661 2381 gewesener
702 2338 833 2372 Prator
877 2341 941 2372 152

400 2383 481 2428 Vgl.
510 2383 554 2417 de
581 2395 654 2418 sen.
681 2388 737 2427 23,
763 2387 818 2419 84.

255 2432 296 2465 in
322 2430 582 2472 Consolatione,
609 2443 634 2465 s.
662 2443 689 2464 z.
716 2431 731 2463 1
758 2435 813 2473 26,
840 2435 895 2466 65.

254 2478 345 2522 Kap.
361 2477 424 2512 29.
453 2481 506 2511 71.
533 2478 707 2512 dicuntur
725 2478 821 2521 haec,
841 2481 942 2512 nam-

206 2524 281 2559 lich
306 2535 379 2559 von
404 2525 475 2559 den
499 2523 805 2569 Peripatetikern.

255 2575 380 2613 vester,
417 2570 503 2606 weil
535 2583 573 2605 er
605 2571 854 2607 Akademiker
885 2572 945 2616 ist,

206 2630 250 2653 zu
287 2618 446 2653 welcher
484 2618 617 2653 Schule
656 2618 697 2663 ja
740 2619 833 2653 auch
872 2619 945 2654 Cic.

208 2666 286 2700 sich
313 2665 507 2701 bekannte.

260 2712 397 2755 Oileus,
443 2712 506 2746 der
544 2711 656 2746 Vater
700 2713 762 2748 des
806 2713 946 2748 Lokrer

208 2759 314 2805 Ajax.
354 2759 395 2794 In
416 2759 592 2794 welchem
614 2759 750 2794 Stiicke
771 2760 828 2794 die
850 2760 944 2805 Sage

208 2807 409 2842 behandelt
433 2817 526 2849 war,
551 2806 600 2841 ist
624 2806 816 2852 ungewiss,
857 2807 944 2842 viel-

207 2854 324 2889 leicht
348 2853 399 2889 im
424 2852 610 2888 Telamon.

1209 437 1308 483 Quid
1341 438 1412 477 hos
1444 438 1545 478 aliud
1578 439 1740 490 placavit

1077 613 1133 652 Ex
1178 626 1253 665 quo
1299 614 1538 666 intellegitur
1581 627 1657 654 non
1701 617 1740 655 in
1774 651 1775 654 ,

1056 1443 1106 1477 is:
1131 1442 1190 1476 die
1205 1442 1551 1478 Wiederaufnahme
1572 1445 1636 1479 des
1657 1443 1748 1480 Sub-

1006 1489 1106 1534 jekts
1145 1489 1259 1524 durch
1296 1491 1328 1524 is
1361 1490 1464 1525 dient
1495 1503 1557 1526 zur
1589 1492 1748 1527 Hervor-

1010 1536 1160 1580 hebung
1185 1537 1248 1571 des
1275 1536 1531 1582 Gegensatzes.
1567 1538 1750 1582 IV30,64

1011 1586 1060 1618 est
1091 1585 1184 1617 euim
1214 1586 1324 1618 metus
1355 1588 1395 1618 ut
1426 1586 1613 1630 aem-itudo
1643 1596 1748 1630 prae-

1011 1631 1120 1665 sentis
1144 1631 1196 1665 sic
1221 1631 1280 1665 ille
1303 1631 1424 1673 futuri
1449 1633 1547 1666 mali.

1058 1676 1100 1711 de
1131 1688 1213 1719 suo,
1245 1678 1278 1712 d.
1299 1678 1321 1712 i.
1355 1679 1397 1713 de
1428 1680 1486 1713 sui
1515 1680 1586 1721 filii
1615 1683 1745 1722 morte,-

1012 1724 1085 1769 vgl.
1112 1724 1183 1758 den
1214 1725 1463 1770 abgekfirzten
1495 1726 1688 1762 Ausdruck
1714 1727 1749 1762 II

1012 1774 1043 1816 9,
1071 1776 1116 1806 20
1141 1782 1184 1806 ne
1213 1782 1266 1806 me
1296 1773 1509 1808 occidentem
1539 1775 1666 1809 matris
1689 1784 1749 1809 su-

1007 1822 1108 1862 peret
1133 1819 1279 1853 caritas.
1326 1819 1421 1865 Ajax
1445 1820 1568 1855 wurde
1595 1820 1661 1855 auf
1684 1821 1752 1856 der

1011 1865 1210 1899 Riickkehr
1234 1877 1305 1900 von
1331 1866 1443 1912 Troja
1467 1878 1539 1902 von
1564 1867 1748 1903 Poseidon

1011 1912 1048 1946 in
1075 1912 1137 1947 das
1162 1912 1263 1948 Meer
1287 1915 1459 1958 gestiirzt.
1495 1913 1562 1949 Od.
1577 1914 1627 1949 IV
1641 1918 1708 1950 499
1722 1915 1748 1950 f.

1059 1959 1134 1994 Nec
1164 1971 1244 1994 vero
1275 1962 1343 1997 cet.
1393 1960 1523 1996 Nauck
1553 1963 1599 1996 tr.
1625 1974 1676 2006 gr.
1704 1962 1748 1998 fr.

1013 2010 1079 2041 662
1106 2019 1139 2050 p.
1165 2011 1245 2043 231

1011 2050 1098 2093 τούς
1123 2050 1161 2087 δ’
1187 2049 1238 2088 αὖ
1262 2055 1454 2098 μεγίστους
1485 2055 1548 2089 καὶ
1580 2052 1749 2099 σοφωτά-

1434 2115 1520 2141 τους
1546 2102 1654 2160 φρενὶ

1224 2150 1317 2187 ἰὸοις
1355 2145 1420 2186 dlv,
1460 2146 1536 2188 οἷός
1569 2146 1644 2184 ἐστι
1680 2149 1752 2183 νῦν

1434 2191 1512 2239 ὅδε,

1014 2242 1132 2281 καλῶς
1164 2242 1286 2282 κακῶς
1317 2240 1517 2299 πράσσοιιιτι
1546 2254 1751 2287 συμπαραι-

1435 2302 1540 2324 νεσαι

1015 2331 1106 2371 ὅταν
1145 2334 1185 2371 δὲ
1225 2338 1367 2381 δαίμων
1399 2333 1537 2380 ἀνδρὸς
1572 2333 1751 2382 εὐτυχοῦς

1434 2381 1475 2418 τό
1501 2383 1587 2427 πρὶν
1764 2388 1765 2393 ’

1015 2427 1160 2485 μάστιγ’
1185 2427 1306 2485 ἐρείσῃ
1324 2431 1389 2465 τοῦ
1405 2431 1487 2477 βίου
1501 2432 1752 2474 παλίντροπον

1014 2474 1058 2511 τὰ
1084 2474 1198 2511 πολλὰ
1233 2477 1382 2521 φροῦδα
1412 2477 1476 2512 καὶ
1507 2478 1626 2518 καλῶς
1651 2477 1750 2523 εἰρη·

1436 2524 1540 2568 μένα.

1065 2574 1254 2607 convertat.
1313 2571 1386 2605 Der
1429 2572 1522 2616 KonJ
1515 2571 1656 2607 unktiv
1697 2572 1751 2607 im

1017 2618 1241 2663 Hauptsatze
1267 2618 1440 2662 bewirkb,
1475 2617 1554 2653 dass
1579 2619 1672 2654 auch
1697 2619 1749 2654 im

1016 2665 1246 2710 temporalen
1277 2665 1522 2709 Nebensatze‚
1560 2677 1616 2702 wo
1648 2667 1754 2702 sonet

1018 2712 1082 2746 der
1119 2712 1305 2747 Indikativ
1342 2712 1469 2747 stehen
1500 2713 1641 2757 wiirde‚
1686 2714 1752 2748 der

1016 2759 1243 2804 Konjunktiv
1257 2761 1397 2804 gesetzt
1408 2759 1546 2802 wird,s.
1556 2759 1699 2802 z.1§73.
1715 2759 1761 2794 V³

1018 2809 1037 2848 ξ
1063 2810 1107 2841 26
1133 2807 1196 2850 qui
1226 2807 1383 2850 opprimi
1407 2807 1523 2850 possit
1547 2810 1639 2849 tuan,
1669 2817 1752 2842 cum

1016 2854 1170 2888 maoeime
1192 2853 1374 2897 ylorz'etur.
1420 2853 1450 2888 V
1470 2856 1488 2895 ἓ
1510 2857 1575 2889 108
1600 2858 1642 2890 ut
1665 2864 1750 2900 quo-

1013 2145 1183 2183 τοιούσθ’
