1790 3103
159 46 240 86 106
673 46 720 81 Μ.
748 45 908 81 TULLII
936 46 1188 82 CICERONIS

156 168 230 206 qne
263 156 322 204 fit,
359 162 647 207 paupertatem,
686 157 955 207 ignominiam,
994 156 1191 194 infamiam
1225 158 1352 208 timet,
1390 159 1423 196 si
1455 158 1704 211 debilitatem,

155 214 396 264 caecitatem,
436 215 469 252 si
506 213 692 266 denique,
731 215 833 265 quod
872 227 949 253 non
989 215 1151 265 singulis
1188 215 1430 267 hominibus,
1468 217 1536 255 sed
1567 223 1704 268 poten-

154 271 258 309 thus
302 271 458 322 populis
502 284 615 323 saepe
661 275 840 324 contigit,
884 274 1130 324 servitutem,
1175 278 1305 323 potest
1348 286 1392 312 ea
1436 276 1578 314 timens
1617 288 1703 314 esse

96 332 359 380 loquisquam
398 329 564 370 beatus?
625 329 754 375 Quid?
793 333 859 382 qui
898 344 975 369 non
1014 331 1128 369 modo
1162 343 1206 369 ea
1238 332 1370 370 futura
1402 334 1530 384 timet,
1567 345 1704 372 verum

153 390 267 426 etiam
300 389 376 427 sert
402 391 649 440 sustinetque
674 387 923 440 praesentia?
956 389 1051 427 adde
1086 389 1222 427 eodem
1250 390 1394 443 exsilia,
1426 391 1568 443 luctus,
1600 391 1703 430 orbi-

152 453 268 486 tates:
313 449 380 497 qui
424 447 543 486 rebus
588 448 646 486 his
686 448 831 486 fractus
870 447 1113 499 aegritudine
1155 448 1331 499 eliditur,
1375 454 1504 499 potest
1547 450 1704 488 tandem

152 517 238 544 esse
271 518 348 544 non
382 504 655 545 miserrimus?
706 506 807 552 Quid
840 504 962 545 vero‘?
994 506 1114 556 illum,
1148 518 1265 556 quem
1297 506 1522 546 libidinibus
1554 508 1701 547 inflam-

151 570 298 602 matum
337 572 375 602 et
408 565 604 603 furentem
636 565 829 616 videmus,
868 567 995 603 omnia
1028 564 1160 602 rabide
1194 564 1442 615 adpetentem
1475 578 1564 604 cum
1595 568 1702 605 inex-

150 622 283 673 plebili
310 623 535 674 cupiditate,
568 635 722 673 quoque
751 623 986 662 adfluentius
1013 623 1231 674 voluptates
1260 623 1431 674 undique
1458 624 1623 676 hauriat,
1656 637 1702 663 eo

149 682 305 730 gravius
337 681 617 732 ardentiusque
656 683 870 734 sitientem,
912 694 1040 720 nonne
1080 688 1186 720 recte
1224 683 1489 721 miserrimum
1528 680 1702 722 dlxeris?

150 736 280 783 Quid?
331 738 454 778 elatus
499 739 562 778 ille
606 740 760 778 levitate
804 742 988 790 inanique
1034 739 1178 778 laetitia
1223 740 1421 779 exsultans
1467 746 1506 779 et
1554 747 1701 780 temere

148 799 320 847 gestiens
351 810 481 836 nonne
514 804 620 837 tanto
653 800 853 850 miserior,
886 805 1030 849 quanto
1064 798 1137 836 sibi
1172 799 1326 837 videtur
1359 797 1538 839 beatior?
1599 799 1702 851 Ergo

149 862 192 893 ut
223 855 263 893 hi
295 858 440 908 miseri,
472 860 527 895 sic
561 863 695 895 contra
728 857 782 895 illi
814 856 929 908 beati,
961 869 1060 907 quos
1092 857 1188 895 nulli
1221 864 1348 895 metus
1381 863 1546 909 terrent,
1578 858 1705 897 nullae

149 914 414 964 aegritudines
447 916 635 966 exedunt,
674 915 801 953 nullae
841 915 1023 953 libidines
1060 916 1241 965 incitant,
1280 915 1407 954 nullae
1447 916 1596 955 futtiles
1628 917 1704 956 lae-

149 974 255 1010 titiae
289 973 529 1011 exsultantes
561 973 754 1023 languidis
786 973 1043 1023 liquefaciunt
1075 973 1350 1023 voluptatibus.
1402 973 1451 1012 Ut
1483 976 1601 1013 maris
1633 977 1702 1026 igi-

149 1037 213 1068 tur
245 1030 506 1081 tranquillitas
544 1031 785 1082 intellegitur
823 1031 927 1070 nulla
965 1044 1012 1069 ne
1054 1032 1211 1069 minima
1245 1031 1402 1082 quidem
1436 1044 1530 1071 aura
1562 1032 1705 1072 fluctus

149 1095 437 1141 commovente,
476 1092 531 1128 sic
570 1091 688 1128 animi
730 1091 887 1141 quietus
927 1095 965 1128 et
1002 1089 1177 1140 placatus
1217 1096 1340 1128 status
1379 1092 1573 1141 cernitur,
1615 1103 1706 1130 cum

91 1147 394 1197 17perturbatio
435 1148 538 1187 nulla
577 1155 654 1199 est,
693 1161 768 1199 qua
808 1150 955 1187 moveri
994 1154 1121 1198 queat.
1184 1148 1297 1193 Quod
1335 1149 1368 1187 si
1406 1154 1482 1201 est,
1524 1151 1590 1200 qui
1627 1152 1705 1188 vim

148 1208 346 1257 fortunae,
389 1208 454 1257 qni
489 1209 616 1245 omnia
649 1208 834 1258 humana,
872 1219 970 1257 quae
1004 1208 1145 1257 cuique
1179 1206 1356 1245 accidere
1389 1214 1571 1259 possunt,
1609 1208 1703 1247 tole-

146 1264 279 1302 rabilia
313 1265 447 1317 ducat,
480 1278 526 1304 ex
559 1278 635 1316 quo
669 1278 741 1304 nec
774 1268 891 1304 timor
923 1278 1012 1304 eum
1046 1277 1118 1303 nec
1151 1277 1271 1315 angor
1303 1267 1485 1317 attingat,
1521 1266 1702 1318 idemque

146 1324 178 1360 si
217 1323 311 1361 nihil
351 1326 624 1376 concupiscat,
668 1325 771 1363 nulla
817 1325 1013 1363 ecferatur
1052 1325 1168 1361 animi
1207 1325 1312 1362 inani
1351 1324 1565 1377 voluptate,
1610 1326 1703 1376 quid

147 1388 205 1420 est
244 1394 315 1420 cur
353 1384 386 1420 is
424 1395 502 1421 non
541 1383 678 1422 beatus
716 1381 795 1422 sit?
856 1382 905 1421 Et
943 1384 976 1420 si
1015 1382 1109 1420 haec
1143 1384 1287 1421 virtute
1326 1383 1571 1436 efficiuntur,
1609 1384 1702 1434 quid

104 1438 205 1479 'lest
237 1452 308 1478 cur
340 1442 465 1479 virtus
502 1443 585 1492 ipsa
618 1454 688 1493 per
720 1454 761 1480 se
795 1453 872 1479 non
905 1442 1049 1479 efficiat
1081 1439 1246 1479 beatos?
1308 1443 1353 1479 Α.
1386 1442 1503 1492 Atqui
1535 1442 1701 1482 alterum

144 1498 221 1536 dici
252 1511 330 1537 non
362 1506 508 1551 potest,
548 1502 643 1550 quin
674 1502 720 1552 ii,
759 1501 826 1551 qui
858 1499 953 1537 nihil
985 1504 1179 1550 metuant,
1219 1499 1315 1537 nihil
1354 1506 1564 1552 angantur,
1607 1501 1703 1540 nihil

1008 1635 1086 1658 eum
1118 1643 1164 1648 -—
1195 1624 1299 1657 nulla
1332 1628 1399 1666 est,
1437 1623 1540 1659 nicht
1580 1625 1702 1660 ‘wenn

190 1633 264 1657 non
282 1624 438 1668 singulis
459 1644 502 1648 —
522 1621 604 1658 secl:
630 1623 696 1658 das
715 1623 764 1658 ist
782 1623 888 1658 nicht

960 1681 997 1705 es
1028 1670 1137 1704 keine
1163 1670 1423 1705 Leidenschaft
1453 1670 1586 1715 giebt’‚
1618 1683 1700 1707 son·

143 1669 267 1713 gleich
287 1681 360 1705 ‘non
379 1672 494 1705 solum
515 1691 558 1695 —-
578 1671 639 1705 sed
658 1671 777 1712 etiam,
805 1682 886 1705 son-

141 1716 231 1750 dem
255 1728 329 1752 von
362 1718 432 1752 den
465 1718 654 1752 einzelnen
686 1718 885 1752 Menschen

141 1763 233 1798 wird
268 1764 477 1808 abgesehen
510 1765 586 1798 und
621 1776 690 1798 nur
723 1765 789 1799 auf
822 1765 885 1799 das

141 1810 227 1845 weit:
261 1811 476 1856 wichtigere
509 1811 646 1846 Zweite
679 1811 885 1846 Rficksicht

141 1868 379 1912 genommen,
425 1859 560 1893 ebenso
598 1858 667 1892 wie
711 1858 772 1893 bei
816 1855 883 1902 οὐχ

140 1901 196 1938 ότι
216 1925 263 1929 —
282 1901 385 1939 ἄλλά.
424 1906 468 1939 de
490 1905 548 1940 off.
570 1905 602 1939 II
623 1908 655 1947 8,
677 1909 719 1939 27
741 1910 881 1940 secutus

139 1954 206 1992 est,
243 1953 307 1995 qui
337 1953 378 1985 in
409 1963 519 1987 eausa
558 1953 690 1996 impia,
729 1954 881 1988 victoria

139 1999 247 2032 etlam
276 1998 433 2040 foediore
462 2010 537 2033 ‘non
574 2000 800 2043 sinyulorum
831 2001 879 2034 ci-

139 2046 237 2079 vz'um
263 2045 357 2080 bona
372 2046 588 2089 publicaret,
613 2047 673 2080 sed
692 2047 880 2080 universas

132 2093 347 2136 provincias
374 2113 415 2117 —
445 2103 518 2127 uno
550 2093 771 2128 calamitatis
801 2094 880 2128 iure

139 2140 454 2183 comprehenderet.

190 2190 244 2219 16.
277 2187 443 2231 eliditur,
478 2186 668 2221 ‘erdriickb
699 2187 819 2230 wird’‚
853 2199 880 2221 S.

141 2244 169 2266 z.
197 2232 229 2265 ΙΙ
257 2236 276 2274 ξ
302 2237 357 2268 27.

186 2282 300 2322 potest
334 2280 495 2314 tandem:
532 2281 676 2315 tandem
711 2280 810 2315 steht
842 2281 881 2314 in

141 2325 882 2372 efl'ektvollerenFragenVerwunderung

141 2373 230 2407 oder
250 2372 432 2407 Unwillen
460 2374 725 2417 ausdruckend,
752 2385 791 2408 so
817 2385 879 2408 na-

140 2418 320 2454 nientlieh
339 2420 465 2466 haufig
490 2421 578 2465 quz'cl
597 2420 768 2455 tandem?
796 2433 822 2456 s,
850 2433 879 2455 z.

188 2514 373 2557 lcmyuz'dis
403 2514 660 2558 voluptatibus.
714 2514 880 2557 Metony-

139 2559 256 2594 miseh
277 2560 423 2595 werden
443 2560 500 2595 die
522 2559 686 2595 Geniisse
716 2560 877 2595 ‘sohlaff'

139 2608 314 2650 genanut,
328 2607 413 2642 weil
427 2608 485 2642 die
499 2607 728 2648 erschlaffen,
740 2608 880 2642 welche

141 2653 219 2687 sich
244 2653 356 2688 ihnen
381 2654 576 2698 hingeben.
628 2654 773 2689 Ebenso
800 2655 879 2689 lan-

138 2701 253 2745 quida
296 2702 394 2745 quies
438 2701 526 2735 oder
569 2703 691 2736 otium.
728 2722 771 2726 —-
810 2701 880 2735 Mit

139 2748 332 2790 liquefacio
352 2748 418 2782 hat
439 2748 511 2782 Cic.
532 2747 659 2792 τήκειν
682 2749 878 2791 ubersetzt,

139 2795 394 2830 vei-zehren.

959 1717 1049 1751 dern
1084 1717 1206 1751 ‘wenn
1231 1717 1340 1751 keine
1366 1717 1629 1753 Leidenschaft
1653 1719 1701 1754 da.

958 1764 1034 1799 ist’.
1085 1763 1153 1798 Die
1192 1763 1489 1809 Umschreibung
1526 1765 1596 1799 soll
1632 1777 1701 1801 nur

959 1811 1030 1845 den
1056 1810 1193 1855 Begriff
1217 1812 1321 1845 mma
1347 1811 1614 1847 hervorheben.

1007 1862 1061 1894 17.
1088 1869 1178 1902 quae
1203 1859 1330 1902 cecique
1356 1858 1516 1893 accidere
1534 1870 1595 1903 p„
1621 1859 1655 1894 d.
1675 1859 1699 1895 i.

956 1917 993 1940 er
1029 1905 1112 1939 halt
1143 1905 1209 1939 das
1240 1905 1299 1938 fiir
1327 1904 1439 1949 jeden
1471 1904 1530 1939 fiir
1556 1908 1697 1951 ertriig-

953 1952 1045 1994 lich,
1084 1963 1158 1986 was
1197 1950 1263 1986 ihu
1299 1951 1431 1986 treffen
1462 1951 1571 1987 kann.
1622 1953 1697 1988 Das

952 1998 1162 2033 Pronomen
1186 1999 1334 2042 quisque
1358 1998 1408 2032 ist
1432 1997 1471 2032 in
1496 1999 1567 2034 den
1586 1999 1696 2034 Rela-

952 2046 1087 2079 tivsatz
1126 2055 1299 2089 gezogen.
1356 2045 1440 2089 Vgl.
1468 2045 1501 2080 V
1531 2049 1550 2088 ξ
1577 2051 1620 2081 55
1655 2047 1695 2082 id

953 2093 1057 2126 licere
1087 2092 1257 2134 dicimus,
1288 2092 1383 2135 quod
1414 2093 1541 2137 celique
1573 2104 1693 2129 conee-

952 2139 1063 2174 ditur.

1000 2186 1172 2229 idemque,
1187 2186 1280 2219 statt
1293 2185 1392 2219 einer
1401 2185 1694 2232 WViederholung

954 2233 1017 2266 des
1036 2231 1183 2266 Relativ
1209 2232 1300 2266 wird
1325 2232 1442 2266 durch
1456 2233 1696 2279 Vei-bindung

953 2279 1022 2313 mit
1057 2279 1139 2314 dem
1174 2279 1451 2314 Demonstrativ
1491 2279 1694 2325 fortgefah—

953 2337 1029 2365 ren,
1056 2325 1129 2370 vgl.
1157 2329 1175 2368 ἓ
1202 2329 1222 2360 8
1249 2337 1403 2370 eumque.

1001 2373 1092 2417 Καρ.
1124 2373 1158 2408 7.
1210 2374 1284 2407 (liei
1316 2384 1389 2407 uon
1421 2376 1552 2417 potest,
1590 2375 1693 2419 quin:

952 2421 1043 2464 quin
1074 2419 1124 2454 ist
1155 2421 1313 2464 gesem,
1345 2419 1508 2454 insofern
1538 2421 1578 2455 in
1609 2421 1693 2456 dem

952 2467 1146 2511 negierten
1161 2466 1324 2501 Verbum
1345 2465 1491 2501 dicendi
1517 2466 1576 2502 ein
1601 2468 1693 2502 ‘ahu-

953 2513 1072 2548 licher
1098 2514 1186 2548 Sinn
1212 2514 1320 2558 liegb,
1355 2513 1424 2547 wie
1457 2513 1496 2547 in
1525 2525 1600 2549 ‘non
1624 2515 1693 2549 du-

954 2562 1052 2595 bium
1071 2564 1130 2596 est.
1169 2561 1344 2605 Haufiger
1362 2560 1477 2594 findet]
1496 2560 1574 2595 sich
1593 2560 1693 2596 diese

953 2607 1221 2642 Konstruktion
1265 2608 1361 2641 nach
1397 2617 1498 2642 lnemo
1534 2608 1692 2652 ignorat,

951 2655 1080 2699 περανῶ
1103 2666 1177 2689 non
1199 2658 1322 2698 potest.
1356 2654 1400 2688 de
1420 2654 1480 2688 fin.
1499 2654 1549 2688 IV
1571 2658 1625 2697 13,
1646 2658 1690 2689 32

951 2712 1051 2736 nemo
1087 2703 1180 2736 enim
1211 2705 1277 2744 est,
1312 2702 1376 2745 qui
1407 2701 1512 2735 aliter
1543 2702 1691 2744 dixerit,

951 2749 1041 2792 quin
1096 2749 1255 2783 omnium
1309 2752 1527 2782 naturarum
1575 2749 1690 2783 simile

951 2799 1036 2830 esset
1060 2796 1111 2838 id,
1137 2796 1185 2830 acl
1210 2795 1304 2839 qnod
1330 2796 1450 2829 omnia
1470 2795 1694 2837 referuntur.
