1817 3103
212 72 297 112 100
731 71 779 106 M.
806 71 968 106 TULLII
995 71 1248 108 CICERONIS

210 193 325 219 xume
359 187 419 220 est
449 182 752 233 providendum,
791 195 838 220 ne
871 183 962 233 quid
997 183 1145 221 abiecte
1185 195 1232 221 ne
1267 183 1358 233 quid
1394 184 1544 234 timide,
1583 195 1630 221 ne
1671 184 1770 234 quid

212 241 347 290 ignave
380 251 428 278 ne
461 240 553 291 quid
587 240 780 279 serviliter
813 240 1105 279 muliebriterve
1138 242 1343 293 saciannm,
1384 243 1422 279 in
1456 242 1673 292 primisque
1706 254 1769 281 re·

213 299 362 337 sutetur
412 311 456 337 ac
506 301 692 338 reiciatur
737 298 1004 337 Philocteteus
1055 299 1118 337 ille
1164 299 1319 337 elamor.
1381 299 1642 350 Ingemiscere
1688 312 1772 339 non·

213 369 424 408 numquam
458 359 540 396 viro
569 369 799 395 concessum
833 364 892 395 est
924 357 1042 408 idque
1076 370 1182 409 raro,
1216 358 1382 396 eiulatus
1415 370 1462 396 ne
1496 358 1650 397 mulieri
1682 360 1771 409 qui·

213 415 319 467 dem3
352 422 390 454 et
422 416 484 454 hic
518 417 702 454 nimirum
735 422 795 454 est
826 416 959 467 fletus,
1000 428 1115 467 quem
1149 416 1354 454 duodecim
1389 416 1542 455 tabulae
1580 417 1618 455 in
1657 417 1767 455 sune-

154 484 198 516 56
213 473 323 512 ribus
350 474 526 512 adhiberi
552 480 773 512 vetuerunt.
836 474 916 513 Nec
943 487 1034 513 vero
1062 487 1245 525 umquam
1279 487 1327 512 ne
1360 476 1586 525 ingemiscit·
1610 475 1767 526 quidem

213 534 271 570 vir
304 533 417 570 fortis
451 545 494 571 ae
527 534 698 583 sapiens,
739 534 812 571 nisi
846 533 945 571 forte
984 539 1028 572 ut
1067 546 1107 571 se
1146 533 1322 572 intendat
1361 533 1404 571 ad
1446 534 1684 585 firmitatem,
1726 539 1773 572 ut

213 592 251 629 in
281 591 404 630 stadio
432 603 615 630 cursores
643 591 859 629 exclamant
885 604 1000 642 quam
1028 594 1192 630 maxime
1220 598 1396 642 possunt.
1459 591 1622 630 Faciunt
1653 592 1777 643 idem,⁴
1804 595 1806 599 ’

215 661 303 688 cum
338 648 590 701 exer'centur,
623 649 808 701 athletae3
841 650 992 701 pugiles
1026 662 1134 703 vero,
1174 652 1288 689 etiam
1323 662 1411 688 cum
1452 650 1599 688 feriunt
1636 650 1769 689 adver-

215 709 378 758 sarium,
419 710 458 746 in
491 708 679 747 iactandis
713 708 907 747 caestibus
940 710 1219 761 ingemiscunt,
1258 721 1335 747 non
1369 709 1470 759 quod
1505 708 1660 747 doleant
1691 709 1772 746 aui-

215 778 324 804 move
358 766 633 819 succumbant,
667 767 734 805 sed
769 769 857 818 quia
889 767 1160 818 profundenda
1194 780 1287 805 voce
1321 780 1435 805 omne
1468 779 1612 818 eorpus
1642 769 1772 806 iuten·
1804 801 1806 821 z

143 824 201 865 24
217 825 323 864 ditur
367 827 550 876 venitque
595 825 705 877 plaga
750 826 1027 864 vehementior.
1092 824 1222 871 Quid?
1266 827 1332 876 qui
1376 825 1510 864 volunt
1554 825 1771 864 exclamare

217 884 359 935 maius,
392 896 485 923 num
519 886 612 923 satis
645 884 791 922 habent
823 884 959 936 latera,
994 885 1142 935 fauces,
1175 884 1344 935 linguam
1378 884 1600 935 intendere,
1633 896 1653 922 e
1687 885 1772 934 qui-

216 941 290 980 bus
329 944 402 980 eici
441 954 574 981 vocem
615 948 653 981 et
692 943 802 981 fundi
842 941 1045 981 videmus?
1107 943 1205 981 Toto
1239 955 1403 993 corpore
1440 948 1556 993 atque
1590 942 1773 981 omnibus

155 1011 198 1041 57
216 1000 390 1052 ungulis,
423 1007 467 1039 ut
499 1001 660 1052 dicitur,
694 1002 936 1039 contentioni
966 1003 1071 1039 vocis
1103 1001 1340 1039 adserviunt.
1403 1000 1513 1039 Genu
1549 1000 1777 1039 mehercule

214 1059 261 1097 M.
295 1058 507 1098 Antonium
547 1059 640 1109 vidi,
684 1072 772 1098 cum
812 1065 995 1098 contente
1035 1071 1105 1109 pro
1145 1072 1186 1098 se
1225 1061 1308 1110 ipse
1346 1059 1430 1110 lege
1462 1058 1574 1097 Varia
1612 1059 1781 1110 dicere17

216 1123 362 1156 terram
403 1122 574 1169 tangere.
637 1117 688 1156 Ut
732 1120 834 1156 enim
879 1117 1039 1156 balistae
1085 1118 1256 1169 lapidum
1302 1124 1340 1157 ct
1384 1118 1534 1168 reliqua
1580 1123 1776 1156 tormenta-

215 1176 383 1215 telorum
417 1189 461 1214 eo
495 1178 693 1227 graviores
727 1178 957 1215 emissiones
988 1176 1150 1229 habent,
1190 1189 1265 1227 quo
1305 1184 1396 1215 sunt
1434 1181 1617 1215 contenta
1657 1182 1781 1227 atque·

215 1235 380 1274 adducta
413 1235 701 1287 vehementhm,
740 1237 795 1273 sic
831 1248 922 1286 vox,
961 1234 1021 1273 sic'
1056 1248 1214 1286 cursus,
1254 1237 1309 1274 sic
1348 1235 1456 1286 plaga
1495 1235 1569 1273 boc
1608 1237 1782 1286 gravior,

216 1306 293 1344 quo
333 1299 393 1332 est
431 1295 548 1332 missa
582 1296 816 1333 contentius.
880 1293 1000 1332 Cuius
1039 1295 1302 1332 contentionis
1342 1300 1576 1332 cum-tanta
1616 1295 1673 1331 vis
1713 1294 1777 1344 sit,

216 1354 248 1390 si
290 1354 458 1404 gemitus
499 1354 538 1391 in
582 1352 715 1391 dolore
759 1353 805 1391 ad
848 1353 1158 1391 confirmandum
1192 1354 1362 1390 animum
1397 1352 1556 1403 valebit,
1601 1357 1776 1402 utemur3

216 1412 275 1449 sin
316 1412 391 1450 erit
429 1411 491 1449 ille
531 1413 700 1462 gemitus
733 1411 1033 1463 elamentabilis‚
1078 1413 1109 1449 si
1155 1411 1378 1461 inbecillus,
1423 1412 1455 1448 si
1501 1410 1697 1462 abiectus,
1742 1411 1775 1448 si

216 1469 375 1521 flebilis,
414 1471 448 1508 ei
489 1471 556 1521 qui
595 1482 635 1508 se
674 1469 843 1520 dederit,
883 1471 944 1508 vix
983 1482 1072 1509 eum
1108 1471 1235 1508 virum
1269 1469 1444 1507 dixerim.
1509 1469 1584 1514 Qui
1617 1468 1781 1519 quidem

216 1530 385 1580 gemitus
418 1530 450 1566 si
482 1529 685 1567 levationis
718 1528 862 1579 aliquid
896 1528 1086 1580 adferret,
1124 1534 1254 1566 tamen
1286 1528 1509 1566 videremus
1542 1527 1635 1578 quid
1669 1532 1775 1565 esset

216 1588 330 1626 fortis
364 1593 402 1625 et
433 1589 598 1626 animosi
625 1589 714 1638 viri;
751 1599 840 1625 cum
869 1599 959 1625 vero
987 1587 1082 1625 nihil
1111 1588 1314 1625 imminuat
1341 1586 1505 1637 doloris,
1532 1598 1603 1625 cur
1630 1586 1780 1624 frustra

217 1652 353 1697 turpes
386 1657 471 1684 esse
505 1643 716 1684 volumus?
779 1645 879 1691 Quid
914 1651 972 1684 est
1005 1647 1108 1683 enim
1141 1645 1235 1683 fletu
1268 1644 1450 1683 muliebri
1477 1645 1559 1682 viro
1594 1641 1779 1695 turpius?

1036 1793 1107 1827 den
1138 1793 1207 1827 mit
1237 1793 1310 1827 den
1341 1792 1463 1827 Hufen
1502 1793 1581 1827 sich
1613 1794 1777 1827 austren-

1035 1840 1181 1885 genden
1207 1840 1366 1875 Pferden
1391 1841 1532 1894 gesagt.

266 1794 513 1829 Philocteteus.
566 1794 601 1828 S.
622 1798 652 1838 7,
675 1798 717 1829 19
738 1794 813 1828 und
836 1798 890 1836 14,
905 1798 960 1828 33.

266 1842 452 1876 duodecim
495 1842 651 1876 tabulae.
714 1841 786 1875 Das
832 1840 962 1875 Gesetz

217 1889 358 1923 lautete
383 1889 478 1922 nach
505 1888 577 1923 Cic.
605 1888 650 1922 de
676 1888 746 1931 leg.
775 1887 808 1921 ΙΙ
835 1892 890 1930 23
919 1891 961 1921 59

221 1935 397 1969 Mulieres
438 1946 548 1979 yenas
589 1946 633 1969 ‘ne
678 1936 836 1969 raclunto
880 1945 963 1968 nere

219 1983 346 2017 lessam
383 1982 525 2028 funeris
568 1992 650 2026 erqo
694 1983 862 2023 habento,
907 1992 962 2015 wo

220 2028 293 2063 Cic.
319 2029 416 2063 nach
436 2030 475 2063 L.
498 2021 604 2063 iilius
630 2030 739 2063 lessus
765 2009 881 2062 durch
907 2029 961 2062 lu-

217 2077 344 2120 9ιιόιί3
369 2076 518 2110 eiulatio
544 2076 693 2110 erklart.

266 2122 358 2167 Kap.
386 2122 449 2157 24.
501 2127 555 2157 56.
595 2123 795 2157 exclamare
832 2122 961 2157 maius

220 2169 295 2204 Der
316 2169 510 2204 Gebrauch
537 2169 657 2204 dieses
678 2170 876 2203 Neutrums
901 2179 962 2202 an-

221 2218 314 2250 statb
322 2217 384 2250 des
393 2215 655 2251 Adverbiums'
645 2228 682 2250 ln
692 2217 725 2250 N
727 2217 964 2260 achahmung

221 2262 286 2297 (les
331 2263 595 2297 Griechisehen
639 2262 706 2308 μέγ
687 2277 734 2307 γα
780 2264 873 2316 βοᾷν
916 2262 964 2297 ist

220 2310 326 2345 mehr
346 2309 416 2344 den
437 2309 616 2344 Dichtern
642 2310 767 2354 eigen,
794 2310 863 2344 wie
889 2321 963 2344 ma-

221 2368 332 2400 qnum
371 2357 458 2390 oder
497 2368 582 2391 man
585 2358 696 2391 imum
722 2358 877 2391 clamare
908 2356 968 2391 bei

223 2403 394 2447 Plautus,
426 2415 561 2448 mayna
585 2408 717 2438 sonant
741 2404 872 2439 Juven.
901 2405 967 2438 sat,

223 2451 292 2485 VII
309 2454 388 2495 108,
402 2461 573 2495 vna-quum
587 2452 697 2494 fluere
711 2451 820 2495 Verg.
834 2449 966 2495 Georg.

271 2545 338 2579 eici
362 2555 489 2579 vocem.
529 2543 596 2578 Die
618 2544 722 2578 Hdss
745 2544 868 2578 haben
888 2545 969 2579 elici

227 2602 296 2626 voc.
348 2592 447 2626 Aber
472 2591 510 2625 in
536 2592 618 2625 elici
640 2591 734 2636 liegt
753 2591 885 2624 immet
905 2591 969 2625 der

227 2638 315 2673 Sinn
367 2638 670 2680 ‘hervorloeken‚
720 2637 967 2682 auspresseu’‚

224 2686 290 2720 der
314 2685 395 2720 hier
420 2685 543 2720 weder
570 2685 609 2719 in
636 2685 708 2719 den
734 2685 966 2719 Zusammen-

223 2733 326 2777 hang
349 2733 446 2767 noch
472 2744 516 2766 zu
541 2732 652 2774 fundi
677 2731 784 2776 passt.

272 2780 438 2814 omnibus
480 2779 646 2823 unqulss,
698 2779 779 2813 eine
829 2778 967 2823 spi-ich-

224 2826 417 2861 wortliche
437 2826 653 2868 Redensaff,
675 2825 877 2869 eigentlieh
896 2835 968 2859 von

1083 1887 1311 1925 adsetviunt,
1347 1886 1407 1921 ein
1433 1882 1496 1921 ἅπ.
1524 1884 1647 1930 λεγόμ.
1687 1886 1781 1920 stau:

1036 1933 1099 1968 des
1109 1934 1408 2014 7gewohnlichen
1436 1934 1647 1968 inserviunt

1109 1985 1138 2015 7.
1168 1981 1223 2014 M.
1252 1981 1438 2014 Amemus
1470 1992 1546 2014 war
1574 1984 1640 2014 144
1667 1981 1780 2024 gebo·

1036 2039 1101 2062 ren
1144 2027 1221 2061 und
1266 2027 1385 2061 neben
1429 2027 1468 2061 L.
1515 2027 1665 2061 Crassus
1717 2027 1784 2062 der

1035 2074 1176 2119 grosste
1196 2074 1343 2108 Redner
1368 2072 1488 2108 seiner
1507 2073 1605 2116 Zeit,
1632 2074 1781 2108 obwohl

1035 2121 1142 2155 mehr
1168 2121 1283 2155 durch
1309 2120 1518 2155 natiirliche
1535 2121 1677 2164 Anlage
1704 2121 1781 2155 und

1036 2167 1246 2212 praktische
1292 2167 1501 2211 Erfahrung
1556 2168 1611 2201 als
1665 2167 1781 2202 durch

1036 2215 1193 2250 Theorie
1221 2215 1295 2248 und
1321 2213 1678 2249 wissenschaftliche
1708 2214 1783 2248 Bil-

1037 2261 1138 2305 dung
1163 2261 1458 2305 ausgezeiehnet.
1511 2261 1545 2295 S.
1574 2273 1601 2298 z.
1629 2261 1645 2294 I
1665 2265 1704 2304 5,
1729 2265 1789 2296 10..

1037 2309 1069 2343 V
1097 2313 1156 2351 19,
1184 2313 1238 2343 55.

1089 2357 1161 2399 leye
1194 2355 1327 2389 Varia:
1354 2355 1534 2390 Asconius
1561 2354 1609 2388 ad
1629 2353 1703 2389 Cic.
1731 2365 1789 2390 or..

1041 2415 1075 2447 p.
1101 2403 1237 2437 Scauro
1263 2414 1297 2446 p.
1318 2406 1362 2436 22
1390 2402 1522 2436 Italico
1549 2402 1636 2436 bello
1662 2404 1791 2436 «εειτονίοΔ

1043 2454 1100 2493 (91
1128 2462 1161 2483 v.
1190 2448 1286 2492 Chr.)
1314 2459 1394 2483 cum
1419 2449 1460 2483 ob
1487 2449 1594 2483 sociis
1617 2452 1786 2493 neqatam

1041 2497 1221 2531 civitatem
1246 2496 1418 2530 nobilitas
1449 2496 1489 2529 in
1517 2495 1661 2530 invidia
1685 2499 1783 2537 esset,

1044 2543 1084 2588 Q.
1110 2543 1245 2578 Varius
1266 2542 1471 2587 (Hybrida)
1498 2542 1579 2577 trib.
1598 2543 1650 2586 pl.
1679 2543 1788 2587 leyem

1042 2591 1145 2632 tulit,
1170 2593 1210 2624 ut
1233 2593 1462 2634 quaereretur
1481 2590 1523 2623 de
1541 2589 1607 2631 iis,
1633 2599 1787 2633 quorum

1042 2648 1151 2681 opera
1176 2637 1367 2671 consiliove
1397 2636 1486 2670 socii
1517 2639 1643 2670 eontra
1668 2646 1787 2680 popu-

1041 2685 1115 2718 lum
1140 2683 1347 2718 Romanum
1372 2694 1476 2717 arma
1499 2683 1742 2727 sumpsissent.

1087 2731 1199 2765 missa
1230 2729 1330 2774 passi:
1368 2741 1411 2763 zu
1440 2730 1570 2774 playa,
1608 2729 1712 2764 nieht
1743 2741 1798 2763 zuv

1041 2788 1187 2821 cursus,
1212 2787 1313 2812 wozu
1341 2776 1435 2811 auch
1455 2778 1606 2820 yravior
1625 2775 1788 2821 weniger

1041 2823 1152 2870 passi).
