1833 3098
199 82 282 122 140
718 81 764 116 Μ.
794 81 951 116 TULLII
978 81 1228 119 CICERONIS

195 202 292 242 quae
333 190 552 231 stabilitatis
592 191 736 243 aliquid
773 191 958 245 habeant3
996 205 1085 231 nam
1117 194 1328 245 Aristonis,
1366 193 1597 246 Pyrrhonis,
1634 194 1745 235 Erilli

193 249 550 302 nonnullorumque
601 249 774 301 alioruin}
815 257 1068 290 evanuerunt.
1130 251 1179 290 Hi
1229 252 1321 302 quid
1372 254 1524 303 possint
1564 253 1741 293 obtinere

194 308 393 348 videamus
431 311 585 349 omissis
625 309 783 363 Stoicis,
825 322 992 362 quorum
1031 312 1123 349 satis
1157 310 1288 349 videor
1327 310 1547 350 defendisse
1589 318 1744 351 senten-

195 369 297 406 tiam.
362 367 411 407 Et
453 368 806 420 Peripateticorum
857 369 1015 420 quidem
1065 369 1253 420 explicata
1303 381 1418 408 causa
1463 376 1538 409 est:
1587 376 1745 422 praeter

193 426 508 478 Theophrastum
546 434 586 467 et
623 430 655 466 si
694 430 761 479 qui
799 428 907 467 illum
947 430 1073 466 secuti
1110 427 1329 467 inbecillius
1367 428 1531 467 horrent
1568 429 1743 469 dolorem

193 492 232 524 et
264 486 536 539 reformidant,
574 487 736 538 reliquis
769 487 925 538 quidem
958 487 1049 525 licet
1080 487 1208 525 facere
1241 486 1299 539 id,
1336 487 1439 538 quod
1473 488 1553 526 sere
1586 488 1747 541 faciunt,

193 552 237 583 ut
277 547 503 596 gravitatem
545 545 850 597 dignitatemque
892 547 1048 584 virtutis
1093 551 1340 597 exaggerent.
1402 544 1525 590 Quam
1567 558 1656 585 cum
1697 546 1745 585 ad

193 604 343 643 caelum
376 604 612 657 extulerunt,
645 605 747 656 quod
781 605 908 644 facere
941 605 1171 656 eloquentes
1203 604 1379 643 homines
1412 606 1568 656 copiose
1600 604 1740 658 solent,

192 662 342 713 reliqua
375 675 420 701 ex
454 663 672 702 conlatione
706 664 815 702 facile
848 670 909 702 est
940 670 1144 702 conterere
1184 670 1300 714 atque
1338 669 1601 703 contemnere.
1663 663 1745 704 Nec

193 722 296 759 enim
327 721 419 760 licet
450 723 515 774 iis,
555 724 621 773 qui
652 722 807 761 laudem
840 735 929 761 cum
963 723 1096 761 dolore
1128 722 1335 774 petendam
1369 735 1453 761 esse
1486 723 1637 775 dicant,
1677 735 1744 762 ne·

192 792 283 830 gare
316 792 382 818 eos
415 793 500 819 esse
533 781 679 833 beatos,
711 783 779 832 qui
810 782 913 820 illam
947 782 1075 834 adepti
1107 787 1208 820 sunt.
1261 781 1503 832 Quamquam
1536 783 1640 820 enim
1667 783 1747 821 sint

122 840 232 897 31111
265 838 497 889 quibusdam
536 840 664 892 malis,
702 847 830 879 tamen
869 840 943 879 hoc
981 853 1123 879 nomen
1162 840 1264 879 beati
1304 840 1415 891 longe
1450 847 1488 879 et
1517 840 1592 879 late
1624 846 1743 892 patet.

133 908 176 940 86
191 897 287 936 Nam
332 905 374 936 ut
419 905 653 949 quaestuosa
692 905 931 950 mercatura,
975 899 1175 938 fructuosa
1219 901 1340 937 aratio
1383 899 1544 952 dicitur,
1588 911 1666 938 non
1711 900 1745 938 si

191 955 311 995 altera
344 969 499 1008 semper
530 959 636 996 omni
668 957 820 1009 damno,
853 957 972 996 altera
999 959 1104 996 omni
1131 959 1374 1008 tempestatis
1400 957 1615 997 calamitate
1643 970 1743 997 sem-

189 1027 261 1066 per
293 1022 419 1067 vacat,
458 1015 525 1054 sed
565 1017 597 1054 si
635 1016 757 1054 multo
796 1017 942 1055 maiore
975 1029 1020 1055 ex
1053 1022 1162 1067 parte
1196 1021 1322 1055 exstat
1353 1018 1392 1054 in
1424 1022 1591 1067 utraque
1623 1016 1744 1055 felici-

190 1080 261 1125 tas,
294 1075 349 1112 sic
381 1075 456 1112 vita
490 1087 568 1113 non
601 1074 727 1113 solum
760 1076 792 1113 si
825 1075 998 1126 undique
1029 1075 1173 1114 referta
1206 1074 1319 1113 bonis
1352 1080 1424 1127 est,
1457 1074 1524 1113 sed
1557 1076 1589 1113 si
1622 1075 1744 1114 multo

190 1134 336 1171 maiore
378 1139 417 1172 et
459 1135 635 1183 graviore
677 1146 722 1172 ex
763 1140 873 1185 parte
915 1133 1016 1172 bona
1057 1134 1320 1186 propendent,
1368 1133 1479 1172 beata
1520 1140 1627 1173 recte
1669 1134 1746 1173 dici

132 1200 175 1231 87
190 1197 331 1243 potest.
395 1191 592 1243 Sequetur
633 1194 753 1244 igitur
793 1193 933 1232 horum
976 1194 1125 1232 ratione
1168 1192 1227 1231 vel
1268 1193 1313 1231 ad
1356 1192 1591 1244 supplicium
1631 1192 1745 1232 beata

191 1252 267 1289 vita
300 1252 484 1290 virtutem
527 1264 695 1303 cumque
738 1263 781 1290 ea
823 1252 1036 1291 descendet
1075 1253 1115 1290 in
1156 1257 1312 1290 taurum
1350 1251 1577 1304 Aristotele,
1618 1250 1746 1290 Xeno-

191 1316 309 1362 crate,
342 1309 574 1362 SpeusippO,
605 1310 816 1349 Polemone
849 1310 1089 1363 auctoribus,
1121 1323 1194 1349 nec
1227 1322 1312 1349 63111
1342 1311 1471 1362 11111115,
1502 1309 1744 1349 blandimen-

190 1370 240 1407 tis
273 1374 458 1420 corrupta
490 1369 657 1408 deseret.
718 1369 864 1409 Eadem
891 1369 1143 1422 Calliphontis
1171 1371 1245 1408 erit
1271 1369 1510 1420 Diodorique
1537 1370 1744 1422 sententia,

189 1480 310 1526 folger
335 1481 399 1516 des
419 1481 623 1525 Kritolaus3
650 1483 744 1516 nach
772 1482 816 1517 de
837 1484 928 1517 orat.

190 1529 205 1562 I
233 1533 286 1571 11,
313 1532 357 1563 45
383 1529 482 1564 lebte
512 1540 550 1563 er
575 1529 670 1564 noch
699 1533 766 1564 110
792 1542 823 1564 v.
846 1529 927 1564 Chr.

191 1574 302 1610 Clem.
348 1574 451 1611 Alex.
497 1578 620 1611 strom.
667 1576 699 1609 Π
744 1580 812 1611 415
856 1576 929 1611 Καὶ

189 1619 381 1666 Διόδωρος
418 1619 555 1678 ὁμοιως
598 1621 673 1657 ἀπὸ
712 1624 787 1680 τῆς
814 1620 930 1668 αὐτῆς

190 1668 367 1714 αἱρέσεως
399 1667 600 1725 γενόμενος
630 1669 733 1710 τέλος
765 1668 929 1715 ἀποφαί-

189 1729 293 1751 νεται
323 1715 364 1751 τὸ
397 1714 585 1762 οἳοχλήτως
618 1718 681 1752 καὶ
708 1719 826 1758 καλῶς
853 1719 928 1762 ζῆν.

237 1765 374 1807 Aristo,
403 1764 561 1810 Pyrrho,
587 1777 613 1801 5.
641 1777 668 1801 z,
696 1766 729 1799 ΙΙ
757 1770 787 1809 6,
815 1770 869 1800 15.

236 1811 382 1846 Erillus
407 1823 472 1846 3115
498 1812 689 1858 Karthago
715 1824 791 1847 wal
814 1812 929 1847 861111-

189 1858 243 1893 161·
269 1858 332 1893 (165
353 1859 458 1894 Zeno.
495 1858 559 1893 Als
585 1859 760 1894 hochstes
780 1860 929 1905 Princip

190 1905 314 1940 stellte
348 1917 386 1940 er
420 1906 486 1940 das
518 1906 664 1941 Wissen
699 1907 778 1951 auf,
816 1908 930 1942 nahm

189 1953 277 1987 aber
325 1953 422 1987 noch
472 1953 531 1987 ein
585 1954 731 1989 zweites
781 1955 929 1999 Princip

189 1996 388 2044 (ὑποτελίς)
408 1999 467 2034 ffir
486 2000 552 2034 das
572 2000 784 2045 praktisehe
806 2001 930 2036 Leben

189 2057 253 2089 311,
284 2047 440 2081 wonach
471 2047 530 2082 die
556 2047 805 2083 Nichtweisen
839 2050 930 2083 stre-

188 2094 270 2129 ben.
322 2094 367 2129 de
393 2094 452 2129 fin.
481 2095 513 2128 II
541 2098 600 2138 13,
632 2098 688 2129 43.
727 2094 834 2140 Diog.
862 2095 929 2130 VII

191 2145 267 2176 165.
307 2140 352 2176 de
379 2141 437 2176 off.
465 2142 538 2185 12,
565 2146 585 2177 6
611 2142 808 2185 Aristonis,
837 2143 928 2188 Pyr-

188 2189 329 2230 rhonis,
360 2188 476 2223 Erilli
506 2190 580 2224 iam
607 2190 749 2234 pridem
784 2191 930 2236 emplosa

188 2236 365 2270 sententia
390 2239 450 2271 est.

236 2282 418 2326 emplicata
442 2282 490 2316 ist
516 2282 710 2328 Adjektiv,
745 2284 856 2319 ‘klar’
886 2284 929 2320 de

190 2329 318 2364 orat.1
344 2333 376 2371 2,
397 2333 418 2363 4
451 2330 506 2364 Ac
536 2331 626 2365 mihi
659 2332 849 2375 repetenda
880 2335 930 2366 est

189 2377 314 2412 veteris
333 2377 522 2411 cuiusdam
542 2379 730 2413 memoriae
749 2389 821 2415 non
843 2389 930 2414 sane

189 2425 278 2459 satis
303 2424 485 2468 explicata
509 2425 720 2460 recordatio.
747 2437 782 2469 p.
805 2426 928 2460 Plane.

190 2476 222 2515 2,
242 2475 262 2505 5
288 2471 330 2505 in
355 2481 467 2506 causa
489 2471 593 2513 facili
612 2475 717 2516 atque
737 2474 928 2516 emplicata.

230 2521 377 2562 praeter
405 2518 698 2563 Theophrastum,
723 2520 797 2565 vgl.
820 2524 851 2562 9,
873 2524 927 2556 24.

237 2576 281 2600 eae
307 2565 518 2607 conlatione,
544 2565 595 2600 im
608 2565 806 2611 Vergleieh
827 2571 928 2601 ntim-

189 2612 263 2646 lich
289 2612 357 2646 mit
384 2612 446 2647 der
473 2612 636 2657 Tugend.

237 2660 379 2694 laudem
404 2670 484 2694 eum
509 2661 639 2703 dolore,
671 2660 735 2695 (135
763 2660 927 2695 Sittlieh-

190 2708 295 2751 gnte,
328 2706 423 2741 auch
454 2717 559 2741 wenn
591 2718 629 2742 es
662 2707 730 2742 mit
758 2707 929 2742 Schmerz

189 2753 400 2788 verbunden
426 2753 483 2788 ist.

238 2800 464 2845 Quamquam
488 2801 578 2835 sint:
605 2801 675 2835 den
699 2801 928 2846 Konjunktiv

189 2847 385 2882 verbindet
411 2847 484 2884 Cic.
510 2848 580 2883 mit
604 2859 819 2893 quamquam
845 2849 928 2884 sehr

1002 1483 1129 1518 selten.
1182 1482 1226 1517 (16
1264 1483 1352 1517 orat.
1380 1482 1431 1516 III
1467 1484 1504 1525 8,
1537 1486 1581 1517 27
1619 1493 1745 1527 quam-

1001 1541 1109 1574 quam
1143 1529 1307 1564 omnibus
1337 1540 1410 1573 par
1439 1540 1556 1573 paene
1589 1529 1671 1565 laus
1703 1531 1746 1565 in

1002 1577 1171 1611 dissimili
1196 1576 1377 1611 scribendi
1401 1587 1525 1621 yenere
1544 1577 1745 1613 tribuatur.

1048 1634 1176 1658 nomen
1210 1624 1304 1658 beati
1339 1624 1440 1668 lonye
1479 1627 1511 1658 et
1542 1624 1611 1659 late
1630 1627 1746 1669 patet,

1004 1671 1084 1706 ‘das
1128 1671 1236 1706 Wort
1286 1670 1582 1716 Gliiekseligkeit
1630 1671 1747 1706 findet

1002 1718 1082 1753 eine
1126 1718 1235 1753 weite
1279 1718 1549 1763 Anwendung'.
1599 1717 1683 1764 Vgl.
1728 1718 1745 1753 I

1004 1769 1022 1807 ἓ
1050 1769 1093 1801 87
1126 1766 1226 1800 triste
1256 1768 1305 1800 est
1330 1775 1458 1800 nomen
1482 1765 1641 1800 carendi.
1691 1765 1743 1800 III

1001 1816 1020 1854 ἕ
1047 1816 1091 1848 83
1124 1813 1366 1858 aeyrituclinis
1397 1823 1525 1848 nomen
1555 1813 1659 1848 absit.
1706 1811 1741 1848 S.

1003 1872 1030 1894 z.
1061 1859 1091 1893 V
1129 1863 1147 1902 ξ
1180 1863 1234 1896 28.
1286 1859 1318 1894 11
1356 1863 1419 1902 24,
1459 1862 1502 1894 58
1541 1863 1645 1904 atque
1680 1859 1746 1895 hoc

996 1910 1228 1952 praeceptum
1255 1927 1298 1932 -—
1321 1910 1422 1951 patet
1447 1907 1568 1942 latius.

1049 1954 1141 1998 Kap.
1163 1954 1226 1989 31.
1263 1957 1318 1988 86.
1346 1953 1444 1988 Nam
1469 1957 1509 1988 ut
1527 1957 1742 1999 quaestuosa

1004 2003 1071 2035 cet.
1110 2001 1319 2036 Denselben
1346 2001 1547 2036 Gedanken
1573 2013 1599 2036 5.
1627 2004 1659 2044 8,
1686 2005 1743 2036 22.

1046 2049 1288 2093 propendent:
1319 2048 1383 2083 das
1416 2048 1500 2082 Bild
1530 2048 1581 2083 ist
1612 2048 1742 2093 herge—

1000 2106 1172 2130 nommen
1197 2106 1269 2130 von
1302 2095 1366 2129 der
1391 2095 1528 2139 Wage,
1561 2107 1587 2130 5.
1617 2099 1671 2138 17,
1698 2099 1741 2129 51

1001 2146 1144 2177 tantum
1184 2143 1407 2187 propendere
1455 2143 1557 2177 illam
1606 2142 1743 2177 lancem

1012 2193 1117 2224 nutat.

996 2201 1012 2234 ²
1050 2241 1104 2272 87.
1131 2237 1269 2279 horum,
1296 2236 1360 2271 der
1376 2236 1648 2281 Peripatetiker
1667 2236 1742 2271 und

1001 2284 1273 2327 Akademiker,
1298 2283 1358 2318 die
1383 2284 1434 2317 im
1460 2283 1614 2318 zweiten
1640 2283 1743 2319 Teile

1002 2331 1065 2366 des
1098 2330 1223 2365 Satzes
1255 2331 1351 2365 noch
1383 2330 1581 2366 besonders
1617 2330 1742 2376 ausge—

1001 2378 1101 2413 zahlt
1126 2378 1281 2413 werden.

1052 2425 1263 2460 Xenocrate.
1300 2425 1367 2460 Die
1394 2423 1472 2459 drei
1490 2424 1635 2460 Nameu
1661 2424 1743 2459 sind

1001 2472 1105 2506 nicht
1138 2473 1175 2507 in
1209 2472 1532 2516 chronologischer
1565 2471 1742 2517 Ordnung

1001 2519 1228 2564 ausgezahlt,
1261 2519 1357 2553 denn
1382 2518 1477 2553 nach
1503 2518 1611 2554 Plato
1637 2519 1742 2554 hatte

1001 2569 1121 2602 zuerst
1148 2566 1388 2611 Speusippus,
1421 2566 1485 2601 der
1517 2565 1740 2601 Schwester-

1003 2613 1095 2648 sohn
1119 2613 1257 2656 Platos,
1284 2614 1380 2648 nach
1405 2613 1482 2648 ihm
1509 2612 1742 2649 Xenokrates

1001 2671 1065 2695 aus
1098 2660 1330 2702 Chalkedon,
1363 2660 1460 2695 (131111
1492 2659 1643 2695 Ρο161110
1675 2671 1742 2695 3115

1000 2708 1123 2742 Athen
1161 2708 1226 2742 das
1265 2707 1472 2742 Archontat
1514 2706 1578 2742 der
1614 2706 1740 2742 Plato-

1002 2755 1154 2790 nischen
1181 2755 1314 2790 Schule
1341 2755 1437 2790 inne.

1047 2803 1168 2845 minis,
1189 2802 1443 2837 blandimentis
1467 2804 1656 2846 corrupta:
1682 2801 1742 2836 ein

999 2849 1212 2893 Asyndeton
1239 2849 1430 2884 derselben
1456 2849 1523 2884 Art
1548 2849 1616 2884 wie
1640 2848 1657 2882 I
1684 2852 1741 2893 14,
