1817 3103
145 85 201 125 44
662 84 709 120 M.
737 84 898 120 TULLII
925 64 1178 121 5151711οὲ715

147 201 235 233 ante
268 195 425 247 diebus,
463 209 551 235 cuni
590 196 701 234 facile
738 201 872 246 posset
909 196 1023 234 educi
1061 208 1080 233 e
1120 195 1313 247 custodia,
1353 195 1492 248 noluit,
1532 202 1572 234 et
1603 202 1700 246 tum,

83 280 97 301 k
146 266 266 304 paene
308 256 347 292 in
379 267 495 293 manu
528 257 603 293 iam
642 255 888 293 moxwtiseium
925 253 1020 292 illud
1054 261 1191 292 tenens
1223 254 1424 305 poculum,
1462 254 1615 293 locutus
1647 256 1698 292 ita

87 320 216 381 Uest,
250 319 293 352 ut
325 326 401 352 non
429 314 473 352 ad
503 320 668 352 mortem
696 313 812 369 trn-g-li,
845 325 979 351 venum
1007 314 1046 350 in
1073 313 1223 351 caelum
1249 312 1447 351 videretur
1474 313 1698 352 escendere

76 359 201 425 ’ζῖΙῑει
236 374 339 410 enim
373 372 557 410 censebat
588 374 719 422 itaque
751 372 948 423 disseruit,
981 371 1076 410 duas
1109 383 1194 409 esse
1224 373 1304 409 vias
1330 371 1585 422 duplicesque
1611 384 1698 410 cnr-

147 442 214 469 sus
246 433 463 469 animorum
504 444 524 469 5
557 443 722 482 cor'pffle
761 430 1052 469 excedentium:
1091 443 1178 468 nam
1211 432 1278 481 qui
1310 442 1351 468 se
1384 430 1564 469 humanis
1596 431 1700 469 vitiis

147 491 516 528 contaminavissent
554 496 593 528 et
631 502 672 527 se
713 494 815 528 totos
854 489 1080 527 libidinibus
1119 489 1335 540 dedissent,
1373 488 1515 539 quibus
1553 489 1699 528 caecati

147 548 205 586 vel
238 548 462 587 domesticis
495 550 598 587 vitiis
631 554 746 598 atque
779 548 936 598 flagitiis
968 561 1008 586 55
1042 549 1353 599 inquinavissent
1385 548 1442 586 vel
1475 560 1517 586 re
1544 547 1700 599 publica

147 606 321 645 violanda
356 608 510 646 fraudes
544 607 798 658 inexpiabiles
831 609 1116 658 concepissent,
1150 608 1196 645 iis
1223 607 1377 645 devium
1405 607 1598 657 quoddam
1623 608 1700 645 iter

147 678 245 716 esse,
278 666 475 704 seclusum
508 679 527 704 a
554 666 719 704 concilio
747 666 927 705 deorum:
961 668 1027 717 qui
1059 672 1188 704 autem
1218 678 1258 703 se
1291 667 1466 716 integros
1493 671 1700 716 castosque

147 726 425 777 servavissent,
473 725 695 776 quibusque
738 726 877 763 fuisset
922 726 1078 763 minima
1114 737 1202 762 cum
1245 724 1477 775 corporibus
1521 724 1700 774 contagio

147 795 312 834 seseque
354 783 401 822 ab
438 785 485 822 iis
525 796 679 835 semper
718 785 1005 822 sevocavissent
1037 790 1245 834 essentque
1285 785 1323 821 in
1362 783 1593 834 corporibus
1631 782 1700 821 hu-

148 844 271 880 manis
305 844 419 881 vitain
451 845 590 882 imitati
622 843 802 893 deorum,
835 845 882 881 iis
916 843 961 881 ad
994 842 1092 894 illos,
1131 855 1150 880 a
1184 842 1326 893 quibus
1359 849 1491 881 essent
1522 842 1701 894 profecti,

89 909 131 939 73
148 901 315 940 reditum
344 902 494 940 facilem
521 908 665 953 patere.
723 902 857 952 Itaque
884 907 1174 953 commemorat,
1201 907 1244 939 ut
1270 903 1394 952 cygni,
1420 902 1486 952 qni
1514 914 1589 939 non
1617 898 1701 939 ssne

148 972 263 999 causa
304 960 472 1011 Apollini
513 961 630 999 dicati
672 962 767 1011 sint,
812 960 879 998 sed
922 960 1024 1010 qnod
1067 960 1112 997 ab
1156 972 1201 997 eo
1244 960 1518 998 divinationem
1558 959 1701 998 babere

149 1018 368 1071 videantur,
411 1032 486 1070 qua
526 1019 775 1070 providentes
814 1019 906 1069 quid
945 1020 984 1056 in
1024 1025 1148 1057 morte
1188 1018 1279 1056 honi
1312 1020 1361 1056 sit
1393 1031 1482 1056 cum
1515 1026 1631 1057 cantu
1663 1024 1702 1056 et

147 1077 343 1129 voluptate
383 1080 621 1130 moriantur,
661 1079 716 1116 sic
754 1077 934 1116 omnibus
974 1077 1086 1115 bonis
1124 1084 1163 1115 et
1194 1077 1318 1115 doctis
1350 1089 1437 1115 esse
1470 1077 1701 1116 faciendum.

147 1136 226 1175 Nec
260 1149 350 1175 vero
383 1137 430 1175 de
463 1137 537 1175 hoc
571 1138 776 1188 quisquam
809 1136 986 1175 dubitare
1020 1143 1168 1188 posset,
1210 1137 1285 1174 nisi
1325 1136 1426 1174 idem
1460 1135 1571 1175 nobis
1604 1137 1701 1174 acci-

148 1195 258 1234 deret
285 1196 492 1247 diligentel·
519 1196 565 1234 de
593 1197 719 1234 animo
748 1195 1021 1246 cogitantibus,
1047 1195 1151 1246 quod
1178 1197 1225 1233 iis
1253 1207 1367 1246 saepe
1396 1208 1467 1234 usn
1496 1196 1612 1247 venit,
1635 1195 1702 1246 qui

148 1253 274 1304 [cum]
317 1257 460 1293 acriter
503 1255 626 1293 oculis
666 1255 911 1293 deficientem
950 1254 1070 1292 solein
1110 1256 1377 1305 intuerentur,
1420 1259 1463 1292 ut
1502 1259 1702 1305 aspectum

146 1315 304 1351 omnino
338 1315 582 1365 amitterent,
621 1315 676 1352 sic
715 1315 857 1352 mentis
895 1316 999 1351 acies
1032 1326 1071 1351 se
1105 1315 1186 1363 ipsa
1219 1315 1376 1351 intuens
1409 1307 1705 1364 nonnumquam

146 1372 339 1427 hebescit,
380 1373 429 1411 ob
468 1385 632 1423 eamque
675 1385 830 1411 causam
870 1372 1157 1423 contemplandi
1195 1371 1432 1422 diligentiam
1475 1373 1700 1410 amittimus.

147 1425 283 1482 Itaque*
314 1431 516 1483 dubitans,
549 1433 901 1483 circumspectans,
933 1431 1146 1482 haesitans,
1180 1431 1298 1469 multa
1331 1430 1491 1469 adversa
1517 1442 1702 1469 reverens

89 1499 132 1530 74
149 1497 345 1541 tamquam
378 1493 417 1529 in
451 1498 533 1529 rate
566 1492 606 1528 in
639 1493 735 1529 mari
766 1493 944 1529 inmenso
978 1497 1110 1528 nostra
1143 1490 1295 1528 vehitur
1329 1491 1437 1528 ratio.
1496 1489 1572 1527 Sed
1605 1489 1700 1527 haec

149 1556 187 1587 et
226 1556 355 1588 vetera
394 1556 432 1588 et
470 1561 490 1587 a
523 1549 700 1601 Graecis,
746 1549 838 1588 Cato
877 1556 1006 1588 autem
1046 1550 1101 1587 sic
1138 1548 1231 1587 abiit
1270 1561 1289 1586 e
1329 1550 1421 1600 vita,
1467 1554 1509 1587 nt
1547 1560 1702 1587 causam

148 1674 275 1709 Platos
288 1675 431 1719 Kriton,
444 1675 559 1710 worin
570 1675 701 1710 Kriton
714 1674 889 1710 Soklates

149 1722 270 1766 einige
297 1723 397 1767 Tage
430 1733 498 1757 vor
530 1723 668 1757 semem
695 1722 795 1757 Tode
828 1735 890 1757 zur

148 1768 283 1804 Flueht
308 1782 348 1803 zu
353 1751 580 1804 ῠίίῦ5115ἀ511
606 1770 723 1804 sucht.

195 1816 554 1861 Kap.30.72.1ta
580 1818 674 1852 enim
700 1828 804 1859 cens„
832 1816 890 1851 die

147 1863 349 1898 Gedanken
382 1864 463 1898 sind
495 1876 576 1898 sum
607 1863 689 1898 Teil
720 1864 891 1899 wortlich

149 1910 317 1945 entlehnt
344 1923 409 1945 ans
435 1911 561 1946 Platos
587 1911 714 1946 Phado
740 1924 774 1956 p.
792 1914 836 1945 80
855 1911 889 1946 ff.

193 1958 362 1993 humanis
387 1959 497 2001 vitiis,
525 1958 595 1993 d.i.
624 1959 734 2001 vitiis,
759 1959 889 2003 quibus

147 2005 303 2040 homines
321 2017 357 2040 se
376 2007 622 2040 contaminare
644 2006 886 2042 solent.Pla1-‚.

146 2051 259 2087 Ph'ad.
292 2065 327 2098 p.
355 2057 396 2087 81
431 2064 454 2087 a
484 2050 626 2096 πλάνης
658 2053 721 2087 καὶ
756 2049 889 2092 ἄνοιας

146 2099 209 2133 καὶ
236 2098 365 2156 φόβων
392 2100 455 2134 καὶ
487 2097 625 2144 ἀγρίων
652 2097 799 2156 ἐρώτων
824 2100 888 2134 καὶ

147 2146 219 2181 τῶν
245 2144 366 2182 ἄλλων
392 2147 518 2181 κακῶν
544 2147 618 2182 τῶν
638 2144 887 2191 ἀνθρωπείων

145 2190 419 2239 ἄπηλλαγμὲνη.

192 2242 352 2284 fraudes,
362 2242 442 2276 hiel
451 2241 586 2276 Schnld
593 2241 885 2285 ‚‘Verbrechen’.

192 2290 343 2323 memma
371 2309 413 2313 —
441 2290 625 2344 comayio.
650 2301 684 2333 p.
707 2292 750 2323 80
772 2300 790 2323 e
819 2286 886 2323 εὰν

145 2348 214 2380 μεν
258 2334 411 2379 καθαρὰ
455 2333 731 2379 ἀπαλλάττηται
769 2334 887 2390 μηδεν

145 2383 212 2417 τοῦ
256 2380 422 2428 σώματος
454 2382 769 2440 curemf'luovocx,
819 2379 884 2417 ἅτε

146 2427 260 2465 οὐδὲν
285 2430 518 2464 κοινωνοῦσα
545 2426 647 2474 αυτῷ
675 2427 715 2464 ἐν
740 2430 789 2476 τῷ
818 2431 884 2484 βίῳ

148 2474 286 2512 ἑκοῦσα
314 2475 422 2521 εἶναι,
449 2474 541 2511 ἀλλὰ
569 2475 763 2532 φεύγουσα
789 2474 882 2510 αυτό

145 2525 209 2559 καὶ
235 2523 535 2569 συνηθροισμένη
562 2520 656 2568 αυτὴ
680 2523 732 2564 εἰς
752 2520 882 2567 αὑτήν.

194 2576 248 2606 73
293 2576 333 2606 ut
374 2573 498 2628 cygni:
541 2571 649 2606 Plato
688 2576 731 2606 85
757 2571 781 2605 b
818 2567 882 2605 ἅτε

146 2616 260 2663 οἶμαι,
286 2619 352 2652 τοῦ
376 2616 596 2658 ’Λπόλλωνος
627 2615 733 2658 ὄντες
759 2631 884 2676 μαντι-

145 2667 208 2700 noi
242 2664 280 2700 τέ
321 2664 390 2700 εἰσι
425 2665 488 2699 καὶ
519 2663 736 2709 προειδότες
767 2662 812 2699 τὰ
846 2662 886 2700 ἐν

145 2709 241 2761 ᾅδου
282 2709 414 2756 ἀγαθὰ
453 2710 592 2747 (ἔδουσί
624 2725 662 2747 τε
708 2713 771 2746 καὶ
808 2711 886 2757 τέρ-

146 2773 279 2795 πονται
313 2757 460 2818 ἐκείνην
493 2757 560 2804 τὴν
587 2756 728 2804 ἡμέραν
754 2761 886 2803 διαφε-

146 2805 285 2851 ρόντως
310 2803 332 2851 ἢ
360 2803 400 2841 ἐν
432 2807 480 2852 τῷ
509 2806 722 2860 ἔμπροσθεν
753 2805 884 2853 χρόνῳ.

193 2866 266 2898 qua
292 2844 540 2899 Ρ7·ο7·7“7ῑε7’7ίεε·
577 2853 637 2889 die
670 2844 883 2898 eingescho-

961 1675 1080 1709 benen
1105 1674 1212 1709 Satze
1237 1674 1360 1708 haben
1386 1673 1598 1717 veranlasst,
1623 1673 1705 1708 dass

963 1723 1027 1757 das
1073 1734 1116 1756 zu
1159 1722 1268 1767 eyyni
1311 1720 1488 1765 gehcrige
1525 1720 1705 1755 Pradikat

963 1768 1179 1804 relativisch
1205 1780 1253 1802 an
1286 1768 1356 1802 den
1382 1768 1703 1812 eingeschobenen

965 1816 1049 1851 Satz
1084 1814 1370 1861 angeschlossen
1405 1815 1455 1850 ist
1488 1815 1562 1849 und
1597 1815 1704 1861 cyqni

964 1863 1075 1898 somit
1100 1863 1164 1897 des
1190 1862 1387 1897 Pradikats
1419 1862 1607 1905 entbehrt3
1645 1861 1705 1897 ein

964 1910 1180 1945 Anakoluth
1206 1910 1274 1944 wie
1301 1913 1319 1951 ξ
1347 1913 1401 1945 58.

1008 1959 1081 1992 uisi
1118 1958 1229 1992 7715777·
1269 1957 1378 1991 Plato
1413 1961 1456 1991 99
1481 1956 1505 1990 d
1536 1958 1617 1991 δεῖν
1644 1952 1701 1990 εὗ-

961 2005 1192 2060 λαβηθῆναι,
1237 2002 1286 2049 μὴ
1331 2001 1494 2048 πάθοιμι
1537 2016 1628 2048 οπερ
1667 2000 1707 2038 οἷ

960 2049 1025 2087 τὸν
1069 2048 1184 2105 ἥλιον
1213 2048 1431 2086 ἐκλείποντα
1468 2051 1705 2093 θεωροῦντες

961 2099 1025 2133 καὶ
1045 2096 1308 2156 σκοπούμενοι·
1337 2099 1613 2142 ὃαφθείρονται
1633 2111 1703 2141 γαρ

960 2159 1032 2181 που
1062 2145 1153 2181 ἔνιοι
1179 2143 1223 2180 τὰ
1250 2143 1408 2190 ὄμματα.
1438 2165 1480 2170 —-
1508 2156 1604 2187 cum,
1633 2145 1701 2180 das

961 2193 1020 2228 die
1064 2194 1173 2228 Hdss.
1216 2192 1312 2227 nach
1355 2193 1419 2237 qui
1455 2192 1704 2236 einschieben,

959 2243 1113 2275 zei-storia
1138 2240 1196 2275 die
1222 2239 1489 2275 Konstruktion
1524 2239 1598 2274 und
1631 2220 1704 2273 den²

961 2288 1172 2323 Gedanken.
1205 2299 1275 2322 77577
1299 2288 1395 2321 venit
1426 2287 1474 2321 ist
1492 2285 1588 2321 Perf.
1615 2286 1701 2321 hist.

960 2334 1122 2370 Deshalb
1151 2338 1191 2369 ut
1217 2355 1259 2359 —
1287 2335 1489 2369 amitterent
1519 2333 1594 2368 und
1626 2333 1700 2368 die-

960 2394 1017 2417 ser
1030 2382 1137 2427 Konj.
1159 2383 1225 2417 hat
1245 2381 1412 2423 bewirkt‚
1439 2380 1518 2416 dass
1537 2381 1630 2415 auch
1649 2380 1701 2414 im

959 2429 1209 2464 Relativsatze
1230 2429 1294 2463 der
1311 2428 1538 2473 Konjunktiv
1558 2428 1703 2472 gesetzt

958 2477 1023 2518 ist,
1057 2489 1082 2511 s.
1110 2481 1128 2518 ξ
1156 2481 1201 2510 44
1228 2477 1444 2511 aemulemur
1474 2475 1549 2509 und
1579 2487 1624 2509 zu
1649 2473 1701 2508 ΙΙΙ

1006 2575 1188 2626 tamqnam
1220 2572 1259 2605 in
1290 2574 1385 2605 wate.
1425 2569 1538 2605 Phad.
1559 2581 1594 2614 p
1616 2569 1698 2604 85d

960 2615 1021 2652 ἐπὶ
1059 2616 1192 2652 τούτου
1231 2614 1438 2671 ὀχουμενον
1476 2612 1598 2660 ω’σπερ
1637 2613 1699 2650 ἐπὶ

959 2666 1106 2709 σχεδίας
1155 2662 1425 2699 κινδυνεύοντα
1475 2663 1701 2698 διαπλεῦσαι

958 2710 1024 2746 τὸν
1053 2713 1144 2759 βίον.

1007 2764 1061 2794 74.
1089 2758 1160 2794 Sed
1183 2759 1268 2794 haec
1292 2762 1419 2793 vetera.
1456 2757 1524 2792 Die
1543 2757 1698 2794 Verbin-

959 2807 1060 2851 dung
1083 2806 1132 2841 ist
1156 2806 1235 2840 hier
1259 2805 1395 2840 wieder
1420 2806 1504 2840 sehr
1528 2805 1616 2840 lose.

1008 2853 1114 2889 Gaio:
1142 2854 1198 2889 M.
1224 2853 1376 2888 Porcius
1404 2852 1503 2895 Cato,
1529 2852 1593 2888 der
1616 2851 1697 2887 sich
