1833 3098
234 69 318 111 144
746 66 794 104 M.
821 67 983 103 TULLII
1009 65 1262 102 CICERONIS

231 185 388 232 putant,
419 178 466 217 ab
499 179 625 229 iisque
661 177 857 217 abstinere
897 179 1055 216 minime
1093 189 1179 215 esse
1218 175 1391 228 difficile,
1429 178 1462 214 si
1501 182 1567 215 aut
1602 176 1779 217 valetudo

232 244 299 277 aut
330 239 503 277 officium
535 243 601 276 aut
638 237 737 275 fama
768 236 955 288 postulet,
994 237 1229 286 omninoque
1267 246 1391 286 genus
1428 233 1503 274 hoc
1541 235 1781 287 voluptatum

172 308 217 340 95
233 296 401 349 optabile
443 308 547 349 esse,
592 296 625 334 si
663 308 741 334 non
778 294 898 347 obsit,
942 294 1128 346 prodesse
1166 306 1389 345 numquam.
1451 294 1670 345 Totumque
1708 294 1781 334 hoc

235 356 283 395 de
315 355 513 407 voluptate
544 356 600 393 sic
640 354 703 393 ille
735 355 941 406 praecipit,
981 360 1022 392 ut
1054 353 1290 404 voluptatem
1327 354 1450 404 ipsam
1487 365 1557 404 per
1595 365 1655 405 se,
1693 354 1783 404 quia

235 414 413 466 voluptas
458 416 525 466 sit,
569 425 724 464 semper
768 412 975 464 optandam
1020 411 1353 463 expetendamque
1398 417 1526 463 putet,
1570 411 1781 462 eademque

234 475 388 512 ratione
421 473 595 511 dolorem
627 471 676 510 ob
708 471 746 510 id
778 473 924 523 ipsum,
963 473 1051 522 quia
1084 470 1194 509 dolor
1226 471 1292 521 sit,
1331 482 1484 521 semper
1516 482 1602 509 esse
1635 470 1782 521 fugien-

235 532 348 584 dum3
379 534 510 583 itaque
543 531 615 570 hac
647 543 811 569 usurum
851 531 1154 581 conpensatione
1187 530 1418 580 sapientem,
1456 536 1500 567 ut
1536 535 1575 567 et
1611 528 1782 580 volupta-

236 598 316 630 tem
348 591 487 642 fugiat,
519 592 551 628 si
583 602 627 628 ea
659 591 845 628 maiorem
872 589 1044 627 dolorem
1072 588 1257 626 effectura
1287 589 1353 640 sit,
1385 594 1424 626 et
1455 587 1627 626 dolorem
1661 589 1781 626 susci-

234 651 314 701 piat
339 651 526 688 maiorem
553 649 786 687 efficientem
814 647 1068 699 voluptatem,
1100 648 1305 697 omniaque
1332 646 1518 698 iucunda,
1545 657 1779 697 quamquam

173 719 218 751 96
234 721 353 747 sensu
398 709 574 758 corporis
618 707 859 759 iudicentur,
909 706 954 744 ad
1004 707 1174 744 animum
1219 706 1359 744 referri
1403 712 1548 757 tamen3
1599 706 1782 756 quocirca

234 779 377 818 corpus
422 766 591 817 gaudere
636 772 713 804 tam
759 765 842 817 diu,
893 765 984 803 dum
1035 770 1280 816 praesentem
1325 765 1490 803 sentiret
1533 763 1781 816 voluptatem,

230 827 402 865 animum
435 832 474 864 et
505 831 752 876 praesentem
779 825 983 875 percipere
1012 825 1156 874 pariter
1183 835 1270 861 cum
1298 835 1463 873 corpore
1490 829 1528 861 et
1554 824 1780 874 prospicere

230 886 450 923 venientem
489 896 561 922 nec
598 884 849 935 praeteritam
886 882 1166 933 praeterfluere
1206 883 1353 920 sinere:
1397 883 1449 920 ita
1491 887 1701 933 perpetuas
1739 888 1779 920 et

230 949 432 982 contextas
465 942 682 992 voluptates
714 943 752 979 in
786 942 959 992 sapiente
994 941 1076 978 sore
1106 952 1277 992 semper,
1310 952 1399 978 cum
1427 941 1663 991 exspectatio
1690 952 1775 992 spe-

231 1008 403 1041 ratarum
436 1001 677 1052 voluptatum
709 1011 798 1038 cum
830 1005 1105 1050 perceptarum
1137 1000 1322 1037 memoria
1356 1000 1596 1049 iungeretur.

158 1047 216 1129 39⁶ss
348 1061 474 1111 Atque
506 1059 566 1098 his
606 1059 744 1097 similia
776 1058 822 1096 ad
855 1059 999 1096 victum
1032 1059 1148 1096 etiam
1181 1058 1489 1109 transferuntur,
1531 1063 1781 1096 extenuatur-

231 1131 307 1170 que
339 1119 625 1170 magnificentia
662 1124 700 1156 ct
738 1123 918 1168 sumptus
957 1116 1179 1168 epularum,
1217 1117 1319 1167 quod
1352 1128 1469 1167 parvo
1502 1115 1610 1155 cultu
1643 1122 1780 1154 natura

230 1184 413 1217 contenta
452 1179 514 1217 sit.
574 1177 728 1215 Etenim
773 1178 860 1227 quis
905 1175 978 1214 hoc
1017 1188 1093 1214 non
1133 1176 1253 1228 videt,
1298 1175 1504 1214 desideriis
1542 1176 1670 1213 omnia
1707 1175 1782 1214 ista

230 1234 411 1276 condiri?
472 1236 611 1274 Darius
644 1237 683 1274 in
716 1236 805 1286 fuga
837 1247 926 1274 cum
958 1247 1096 1286 aquam
1128 1234 1323 1273 turbidam
1364 1241 1402 1272 et
1439 1233 1691 1272 cadaveribus
1722 1234 1779 1272 in-

230 1298 429 1347 quinatam
471 1295 650 1346 bibisset,
692 1295 846 1345 negavit
886 1306 1071 1345 umquam
1113 1306 1153 1332 se
1196 1293 1340 1332 bibisse
1379 1292 1599 1332 iucundius.
1660 1291 1779 1331 Num-

230 1367 347 1406 quam
384 1354 565 1393 videlicet
605 1354 740 1392 sitiens
785 1352 947 1391 biberat.
1009 1352 1089 1391 Nec
1128 1353 1305 1391 esuriens
1344 1351 1590 1390 Ptolemaeus
1630 1351 1781 1402 ederat,

230 1415 294 1452 cui
339 1425 427 1453 cum
465 1414 688 1464 peragranti
724 1412 799 1450 Aeo
781 1417 941 1463 gyptum
979 1411 1187 1450 comitibus
1231 1423 1308 1449 non
1348 1412 1569 1449 consecutis
1610 1409 1781 1449 cibarius

229 1474 270 1511 in
303 1484 390 1511 casa
428 1474 538 1523 panis
577 1471 690 1509 datus
735 1477 855 1522 esset,
899 1470 994 1509 nihil
1037 1471 1162 1508 visum
1208 1476 1267 1508 est
1310 1469 1374 1508 illo
1421 1482 1517 1520 pane
1560 1468 1781 1507 iucundius.

231 1531 420 1570 Socraten
465 1531 613 1581 ferunt,
664 1541 753 1568 cum
799 1502 923 1580 us⁷que
964 1528 1009 1567 ad
1048 1540 1254 1580 vesperum
1299 1529 1521 1567 contentius
1566 1527 1783 1566 ambularet

230 1592 529 1641 quaesitumque
562 1594 665 1627 esset
698 1600 744 1626 ex
778 1600 841 1639 eo,
880 1600 955 1639 qua
987 1600 1029 1626 re
1063 1587 1099 1626 id
1134 1587 1296 1640 faceret,
1328 1586 1577 1639 respondisse
1610 1599 1670 1638 se,
1703 1597 1780 1637 quo

1088 1749 1337 1792 praterfluere,
1363 1759 1428 1782 aus
1450 1747 1532 1782 dem
1553 1745 1779 1781 Gedaehtnis

1043 1795 1331 1830 entschwinden.

1089 1846 1288 1884 contactas,
1314 1842 1348 1877 d.
1374 1842 1397 1876 i.
1424 1844 1519 1877 arcte
1544 1841 1638 1876 inter
1662 1851 1698 1875 se
1723 1850 1778 1876 co-

1041 1891 1232 1925 haerentes.
1283 1889 1329 1924 ad
1354 1889 1441 1924 fam.
1469 1888 1500 1922 V
1530 1892 1582 1931 12,
1608 1891 1628 1921 2
1655 1890 1697 1922 ut
1725 1897 1779 1922 co-

277 1751 433 1795 optabile
458 1760 529 1784 esse
549 1770 591 1774 —
613 1760 818 1793 numquam.
861 1749 968 1805 Diog.

230 1798 262 1832 Χ
294 1802 359 1833 118
386 1798 572 1852 συνουσία
595 1797 654 1840 δὲ,
689 1808 815 1840 φασιν,
848 1793 968 1839 ὤνησε

230 1858 297 1890 μεν
325 1841 523 1888 οὐδέποτε,
550 1840 744 1888 ἀγαπητὸν
777 1843 818 1878 δὲ
853 1841 889 1878 εἰ
920 1840 968 1888 μὴ

229 1892 294 1926 καὶ
325 1890 498 1936 §.fil-aux&

278 1943 332 1974 95.
370 1939 587 1996 voluptatem
621 1938 755 1982 ipsam:
798 1937 904 1982 Diog
938 1937 970 1970 Χ

233 1990 296 2020 141
334 1983 503 2041 Ουὸεμία
541 1982 657 2029 ἡδονὴ
697 1981 788 2019 καθ’
831 1982 970 2029 ἑαυτὴν

228 2030 366 2076 κακόν,
387 2029 480 2067 ἄλλα
499 2030 544 2067 τὰ
564 2033 674 2066 τινῶν
696 2029 842 2076 ἡδονῶν
861 2044 966 2076 ποιη-

229 2077 313 2114 nno}
358 2080 430 2124 (die
460 2079 628 2135 Bolgen)
673 2080 967 2118 πολλαπλασίους

231 2124 404 2171 ἐπιφέρει
428 2140 494 2166 τας
520 2123 686 2171 ὀχλήσεις
712 2127 784 2160 τῶν
810 2123 965 2169 ἡδονῶν.

277 2176 467 2219 omniaque
492 2175 664 2209 iucunda.
715 2174 789 2208 Fur
808 2173 879 2208 den
899 2172 967 2207 Ge-

229 2221 375 2256 danken
401 2222 474 2266 vgl.
501 2221 545 2255 de
571 2221 630 2256 fin.
657 2220 671 2254 I
701 2225 755 2264 17,
776 2224 819 2255 55
845 2231 967 2265 quam-

229 2280 338 2313 quam
363 2272 481 2303 autem
506 2273 537 2303 et
569 2269 744 2303 laetitiam
774 2268 877 2302 nobis
908 2278 966 2303 vo·

229 2317 352 2360 Zuptas
395 2316 511 2350 animi
553 2319 584 2350 et
629 2315 824 2350 molestiam
867 2315 969 2349 dolor

230 2363 392 2405 adferat,
423 2373 544 2397 eorum
569 2367 687 2397 tamen
718 2365 908 2406 utrumque
937 2365 969 2396 et

230 2414 349 2445 ortum
374 2421 444 2445 esse
475 2421 491 2444 e
523 2420 668 2453 corpore
698 2413 730 2444 et
761 2409 809 2443 acl
840 2419 969 2453 corpus

230 2458 377 2500 referri,
420 2468 482 2492 'nec
519 2457 560 2492 ob
598 2467 674 2491 eam
711 2466 858 2490 causam
895 2467 969 2490 non

230 2505 342 2539 multo
366 2505 519 2539 maiores
543 2515 614 2538 esse
645 2506 676 2538 et
706 2504 905 2546 voluptates
937 2507 968 2538 et

230 2552 369 2587 dolores
388 2552 504 2586 animi
522 2563 630 2596 quam
655 2551 824 2594 eorporis.
871 2550 968 2584 Nam

231 2609 376 2642 corpore
401 2599 494 2633 mhil
519 2599 593 2633 nisi
611 2608 782 2642 praesens
811 2601 842 2632 et
874 2598 969 2641 quod

231 2646 332 2681 adest
355 2646 485 2680 sentire
510 2656 718 2690 possumus,
751 2645 872 2679 animo
903 2655 968 2679 au-

230 2696 298 2728 tem
324 2696 355 2727 et
374 2694 574 2737 praeterita
599 2697 630 2728 et
654 2693 795 2735 futura.

279 2743 336 2774 96.
362 2741 524 2783 sentiret,
562 2740 653 2775 iiber
678 2739 741 2774 das
769 2738 969 2783 Imperfekt

231 2787 327 2821 nach
347 2788 530 2832 praecipit
555 2799 581 2822 s.
610 2800 638 2821 z.
667 2786 717 2820 III
746 2790 799 2830 15,
820 2790 863 2821 32
891 2796 966 2821 cum

231 2835 389 2870 venisset.

1041 1938 1192 1981 =(Jitares,
1243 1937 1475 1972 conimzctene
1530 1935 1653 1970 malles
1701 1945 1783 1969 cum

1041 1985 1191 2028 reliquis
1215 1987 1339 2019 nostra
1364 1987 1555 2018 contexere.

1085 2031 1176 2075 Kap.
1204 2030 1267 2066 34.
1318 2034 1373 2065 97.
1403 2030 1556 2065 Darius.
1608 2028 1782 2064 Gemeint

1038 2079 1088 2112 ist
1102 2078 1300 2122 jedenfalls
1314 2077 1446 2111 Darius
1462 2076 1693 2111 Codomanus
1712 2075 1780 2110 auf

1039 2126 1103 2160 der
1129 2124 1262 2159 Flucht
1286 2136 1352 2159 vor
1377 2123 1592 2159 Alexander.

1086 2173 1257 2207 cibarius.
1307 2171 1435 2206 isidor.
1458 2170 1556 2215 Orig.
1577 2169 1644 2204 XX
1665 2173 1684 2204 2
1706 2169 1777 2205 Pa-

1038 2220 1098 2254 nis
1123 2220 1283 2254 cibarius
1307 2222 1375 2261 est,
1401 2219 1464 2262 qui
1489 2219 1536 2253 ad
1563 2218 1682 2253 etham
1706 2227 1777 2252 ser-

1039 2268 1094 2302 vis
1125 2267 1252 2309 datwr,
1291 2277 1355 2301 ‘nec
1386 2266 1570 2300 delicatus.
1621 2264 1669 2299 Es
1703 2275 1781 2299 war

1041 2315 1146 2357 Brot,
1172 2313 1286 2348 worin
1316 2313 1374 2347 die
1400 2312 1504 2347 Kleie
1537 2312 1605 2346 mit
1637 2311 1780 2346 euthal-

1041 2363 1104 2396 ten
1130 2372 1216 2395 war..

1088 2408 1176 2443 Soc?
1179 2411 1279 2442 atem
1306 2407 1438 2442 Athen
1458 2405 1508 2440 IV
1527 2418 1561 2451 p.
1583 2409 1680 2440 157e
1701 2407 1780 2439 Σω-

1040 2468 1177 2509 κρατης
1214 2453 1255 2489 δε
1292 2453 1355 2488 καὶ
1389 2451 1566 2492 πολλάκις
1598 2454 1780 2496 κατελαμ-

1042 2499 1175 2549 βάνετο
1207 2501 1487 2544 διαπεριπατῶν
1523 2497 1682 2543 ἑσπέρας
1715 2500 1778 2553 βα-

1039 2551 1151 2588 θείας
1176 2546 1246 2592 πρὸ
1273 2549 1338 2592 τῆς
1358 2547 1478 2587 οἰκίας
1496 2546 1561 2581 καὶ
1579 2544 1673 2589 πρὸς
1691 2544 1781 2586 τούς

1039 2593 1369 2651 πυνθανομένους·
1406 2596 1454 2628 Τί
1475 2592 1669 2637 τηνικάδε·
1704 2591 1778 2627 ἐλε-

1039 2656 1105 2687 γεν
1127 2640 1223 2685 ὄψον
1244 2641 1421 2686 συνάγειν
1440 2639 1533 2685 πρὸς
1552 2638 1592 2675 τὸ
1612 2642 1778 2675 δεῖπνον.

1041 2691 1341 2745 Χ61101111.1116111.
1368 2689 1383 2723 I
1417 2693 1455 2731 3,
1489 2693 1509 2724 5
1549 2685 1610 2723 ἐπὶ
1646 2687 1779 2722 τοῦτον

1040 2739 1169 2793 (σῖτον)
1204 2750 1299 2771 ουτω
1338 2733 1700 2791 παρεσκευασμένος
1719 2730 1779 2780 ᾔει

1042 2781 1134 2819 ω’στε
1155 2781 1222 2828 τὴν
1244 2781 1451 2828 ἐπιθυμίαν
1471 2783 1537 2818 τοῦ
1558 2783 1660 2817 σίτου
1680 2778 1778 2825 ὄψον

1043 2829 1142 2876 αὐτῷ
1171 2836 1278 2866 εῖναι.
