1817 3103
343 90 740 128 TUSCULANARUM
766 89 1167 125 DISPUTATIONUM
1195 90 1220 124 1.
1247 94 1396 124 31—36.
1578 88 1633 129 23

77 203 297 243 Mercedem
334 203 478 253 gloriae
517 202 663 251 flagitat
701 199 747 238 ab
786 201 852 251 iis,
891 210 1059 249 quorum
1098 204 1228 248 patres
1268 199 1463 236 adfecerat
1502 198 1634 249 glor,ia

78 263 278 313 idemque:
1594 271 1748 333 ‚sallus

339 321 458 358 Aemo
491 331 551 357 me
583 319 763 357 lacrimis
795 318 957 355 decoret
990 328 1064 354 nec
1092 314 1244 363 sunam
1272 317 1369 361 fletu
1432 288 1573 384 Pff‘u,
1573 322 1652 351 ,ωε

332 378 452 426 faxit.
521 378 617 415 Cum
614 379 629 402 '²
663 378 778 415 zole'to
810 369 1021 425 vivossi’per
1053 386 1127 413 ora
1161 376 1300 411 zitffum

79 449 156 488 Sed
198 448 290 499 quid
332 445 495 498 poetas?
544 448 703 498 opifices
747 451 834 496 post
876 449 1041 482 mortem
1084 443 1282 481 nobilitati
1325 441 1469 480 volunt.
1534 442 1634 486 Quid

79 509 182 547 enim
227 506 382 545 Phidias
426 508 487 544 sui
532 505 697 543 similem
741 505 913 554 speciem
957 502 1115 540 inclusit
1158 503 1197 540 in
1243 501 1382 551 clupeo
1426 500 1635 550 Minervae,

79 578 169 605 cum
200 564 417 604 inscribere
450 576 590 602 nomen
624 560 788 601 liceret?
852 561 952 607 Quid
986 562 1110 599 nostri
1143 557 1391 611 philosophi?
1434 570 1563 597 nonne
1597 560 1635 596 in

77 626 125 663 iis
157 624 267 662 libris
299 625 410 675 ipsis,
449 635 547 673 quos
580 621 758 660 scribunt
797 620 844 658 (le
885 619 1169 658 contemnenda
1202 618 1341 669 gloria,
1381 630 1449 656 sua
1483 618 1639 655 nomina

78 680 329 722 inscribunt?

197 741 309 786 Quod
347 742 379 778 si
417 741 590 777 omnium
630 750 846 777 consensus
886 744 1047 776 naturae
1087 749 1158 774 vox
1198 742 1258 774 est
1296 747 1529 786 omnesque,
1572 735 1697 785 qui35

80 799 223 850 ubique
257 804 366 849 sunt,
398 799 651 836 consentiunt
684 810 768 836 esse
808 797 954 847 aliquid
987 795 1091 846 quod
1131 795 1178 833 ad
1217 807 1283 833 eos
1322 795 1533 845 pertineat,
1572 794 1640 844 qui

77 860 154 897 vita
187 859 390 908 cesserint,
423 856 535 894 nobis
569 868 725 906 quoque
759 856 862 894 idem
895 854 1196 893 existimandum
1223 860 1294 904 est,
1328 858 1366 891 et
1393 854 1437 904 si,
1471 863 1639 902 quorum

82 923 149 956 aut
180 917 337 966 ingenio
365 921 432 953 aut
458 917 602 953 virtute
630 916 782 953 animus
809 913 974 965 excellit,
1008 925 1074 951 eos
1101 912 1351 963 arbitramur,
1385 912 1474 961 quia
1502 916 1640 949 natura

79 977 224 1027 optima
263 976 358 1025 sint,
397 985 560 1012 cernere
600 979 760 1012 naturae
794 975 870 1011 vim
910 984 1107 1023 maxume,
1146 973 1228 1009 veri
1268 970 1391 1009 simsse
1432 975 1509 1021 est,
1551 981 1641 1008 cum

80 1039 265 1085 optumus
304 1034 470 1083 quisque
511 1044 689 1070 maxume
727 1033 949 1083 posteritati
990 1032 1150 1082 serviat,
1192 1042 1277 1068 esse
1321 1028 1484 1080 aliquid,
1528 1030 1640 1066 cuius

78 1094 112 1131 is
144 1099 233 1143 post
264 1097 431 1130 mortem
464 1103 624 1129 sensum
657 1092 708 1129 sit
739 1090 956 1129 habiturus.

199 1150 275 1189 Sed
314 1156 358 1188 ut
396 1149 489 1188 deos
533 1161 620 1187 esse
660 1155 798 1187 natura
840 1151 1063 1199 opinamur,
1108 1147 1321 1198 qualesque
1366 1148 1445 1184 sint
1490 1147 1640 1183 ratione
1656 1128 1713 1212 ἐξ

80 1210 372 1260 cognoscimus,
405 1210 461 1246 sic
492 1219 724 1258 permanere
758 1209 908 1245 animos
940 1206 1177 1245 arbitramur
1209 1217 1406 1244 consensu
1440 1205 1641 1242 nationum

78 1269 272 1319 omnium,
311 1279 386 1317 qua
427 1268 466 1304 in
505 1265 597 1304 sede
636 1272 819 1305 maneant
857 1265 1070 1317 qualesque
1109 1266 1188 1303 sint
1226 1266 1378 1303 ratione
1411 1261 1642 1301 discendum

82 1333 152 1365 est.
216 1325 336 1365 Cuius
369 1326 561 1376 ignoratio
594 1325 707 1376 finxit·
736 1325 885 1363 inferos
913 1336 1056 1374 easque
1084 1323 1325 1374 formidines,
1358 1333 1454 1372 quas
1482 1327 1523 1360 tu
1551 1332 1642 1359 con·

80 1391 257 1424 temnere
290 1396 368 1423 non
401 1385 484 1422 sine
519 1395 634 1422 causa
667 1383 862 1422 videbare.
925 1383 968 1421 In
995 1389 1141 1421 terram
1168 1384 1272 1420 enim
1299 1379 1530 1419 cadentibus
1558 1392 1642 1418 cor-

79 1443 243 1495 poribus
274 1444 400 1493 iisque
434 1442 553 1480 humo
587 1444 719 1494 tectis,
762 1455 782 1480 e
815 1455 893 1493 quo
932 1442 1081 1480 dictum
1119 1447 1179 1479 est
1218 1441 1390 1491 humari,
1431 1438 1503 1477 sub
1536 1444 1643 1477 terra

80 1580 219 1614 Ennius
243 1592 288 1614 zu
310 1579 444 1624 liegen.
476 1578 564 1613 Man
580 1579 646 1613 hat
665 1579 821 1613 deshalb

80 1627 186 1661 nicht
209 1626 314 1671 notig
337 1627 473 1670 panoec't
499 1639 542 1660 zu
569 1626 773 1660 schreiben.

128 1674 276 1718 ⁸(llorc'ae,
296 1672 452 1711 Genetiv
474 1672 536 1707 des
556 1672 713 1708 Inhalts:
737 1673 824 1707 ‘den

83 1720 205 1755 Ruhm
238 1720 293 1755 als
324 1719 458 1755 Lohn’.
508 1720 523 1754 Ι
550 1723 612 1763 45,
648 1724 712 1754 109
748 1721 825 1754 suis

81 1772 113 1802 et
134 1768 299 1811 propriis
331 1767 433 1802 bonis
459 1768 580 1801 laudis
611 1771 643 1801 et
676 1768 823 1812 gylorz’ae.

82 1814 134 1848 111
161 1818 222 1857 16,
249 1818 292 1848 35
334 1815 516 1848 auoez'lium
544 1815 734 1848 inveterati
764 1814 826 1849 do-

82 1862 179 1896 loris.
230 1860 281 1895 IV
309 1864 369 1904 15,
402 1865 447 1895 34
485 1873 508 1895 a
544 1862 692 1896 virtutis
728 1861 826 1903 fonte

84 1909 279 1944 ducuntur.

131 1954 202 1990 Sed
219 1955 309 2000 quid
325 1954 478 1999 poetas?
500 1954 663 1989 namlieh
684 1965 826 1989 comme—

83 2012 191 2037 moro.
241 2002 328 2047 Man
349 2002 516 2036 'beachte
549 2001 620 2036 den
653 2000 827 2036 Wechsel

82 2048 121 2083 in
164 2049 235 2084 den
271 2048 637 2093 Ubergangsformen
681 2048 828 2092 Loquor

83 2096 126 2131 de
150 2116 195 2121 —
221 2095 292 2130 Sed
323 2096 411 2140 quid
440 2095 591 2139 poetas?
619 2116 662 2120 -—
701 2095 827 2140 Quid?

83 2144 200 2178 nostri
230 2143 447 2187 philosophi.
500 2142 533 2177 S.
562 2146 624 2186 42,
662 2145 738 2176 102.
777 2142 827 2177 IV

84 2193 140 2233 32,
168 2194 223 2225 69.
250 2189 284 2223 Π
311 2193 366 2232 17,
392 2193 449 2223 41.

132 2236 300 2279 Phichas,
321 2237 385 2270 der
404 2236 550 2270 Freund
571 2236 634 2270 des
647 2236 826 2280 Perikles,

86 2283 215 2318 dessen
258 2283 380 2328 grosse
424 2283 566 2317 Bauten
610 2294 649 2317 er
688 2282 826 2317 leitete.

85 2330 218 2365 Ausser
243 2331 328 2365 dem
354 2330 610 2374 olympisehen
634 2330 726 2364 Zeus
753 2341 828 2364 war

86 2377 186 2412 eines
213 2377 333 2412 seiner
358 2376 599 2421 gefeiertsten
618 2375 828 2411 Bildwerke

86 2425 151 2459 das
177 2424 242 2459 der
266 2424 410 2458 Athene
434 2423 643 2458 Parthenos
675 2423 741 2458 auf
763 2423 829 2457 der

86 2470 283 2516 Akropolis
309 2481 383 2505 von
406 2470 503 2505 Gold
528 2470 603 2504 und
622 2470 827 2513 Elfenbein,

86 2518 152 2554 auf
175 2519 287 2553 deren
312 2517 440 2552 Schild
465 2528 503 2551 er
529 2517 608 2552 sein
633 2517 708 2551 und
727 2516 829 2551 Peri-

86 2565 178 2600 kles’
204 2565 289 2599 Bild
315 2564 544 2608 angebracht
568 2564 685 2599 hatte.
737 2564 786 2608 Sp
790 2576 826 2598 a·

86 2614 143 2647 ter
180 2612 305 2646 wurde
342 2622 381 2645 er
419 2610 574 2645 deshalb
614 2576 827 2665 angeklffigt

88 2658 186 2694 Plut.
222 2658 358 2693 Perikl.
385 2661 428 2692 31
462 2654 509 2691 Η
542 2656 583 2692 δὲ
623 2656 715 2700 δόξα
754 2658 827 2692 τῶν

90 2704 206 2749 ἔργων
239 2703 360 2747 ἐπίεζε
375 2702 535 2759 φθόνῳ
573 2703 638 2739 τὸν
672 2706 828 2739 Φειδίαν

89 2752 153 2786 καὶ
184 2749 339 2808 μάλιστα
371 2748 428 2786 ὅτι
459 2749 526 2796 τὴν
551 2749 654 2809 ‚noos
684 2749 827 2795 Ἀμαζό-

89 2811 157 2837 νας
200 2797 321 2843 μάχην
366 2796 406 2833 ἐν
449 2800 492 2844 τῆ
539 2796 667 2833 ἀσπίδι
711 2799 828 2832 ποιῶν

91 2842 207 2880 αὑτοῦ
261 2859 344 2880 τινα
400 2843 551 2890 μορφὴν
606 2843 828 2888 ἐνετύπωσε,

894 1576 1103 1634 πρεσβυτου
1137 1577 1333 1633 φαλακροῦ
1366 1573 1504 1620 πέτρον
1532 1573 1642 1620 ἐπηρ-

896 1624 1012 1670 μένου
1047 1622 1100 1659 δι’
1134 1622 1356 1679 ἀμφοτέρων
1396 1624 1469 1658 τῶν
1511 1623 1643 1678 χειρῶν

897 1673 961 1707 καὶ
986 1673 1052 1706 τοῦ
1078 1669 1322 1725 Περικλέους
1343 1669 1472 1705 εἰκόνα
1499 1668 1644 1726 παγκά-

898 1722 964 1763 λην
992 1716 1152 1762 ἐνέθηκε
1181 1715 1394 1763 μαχομένου
1426 1715 1520 1762 πρὸς
1542 1714 1642 1761 'Apoc-

900 1765 1001 1808 ζόνα.

946 1814 1140 1848 inscwibere
1158 1824 1287 1847 nomen
1307 1813 1443 1847 liceret:
1469 1811 1538 1845 Die
1552 1811 1643 1844 Auf-

900 1860 1031 1895 schrift
1061 1860 1160 1894 ihres
1191 1859 1353 1894 Namens
1384 1859 1548 1904 pflegten
1583 1858 1643 1892 die

901 1907 1076 1942 Kiinstler
1102 1907 1168 1941 auf
1190 1906 1261 1940 den
1280 1906 1448 1949 stamen,
1474 1906 1644 1939 nament—

899 1954 976 1988 lich
1009 1954 1074 1989 der
1105 1953 1210 1988 Basis
1249 1953 1516 1998 anzubringen:
1556 1952 1644 1987 aber

899 2000 1052 2036 Phidias
1097 2001 1260 2046 genfigte
1305 2000 1384 2035 dies
1434 1999 1555 2043 nicht,
1606 2010 1645 2033 er

900 2048 1026 2083 wollte
1053 2048 1132 2082 sein
1158 2047 1242 2081 Bild
1268 2047 1437 2082 erhalten
1463 2047 1607 2081 wissen.

947 2099 1003 2130 35.
1045 2095 1149 2140 Quod
1185 2096 1235 2129 si:
1278 2093 1352 2128 Der
1393 2093 1531 2128 Beweis
1571 2104 1645 2127 von

900 2153 930 2178 c.
957 2146 999 2176 14
1025 2153 1073 2176 an
1099 2140 1191 2175 wird
1216 2141 1313 2176 noch
1340 2140 1475 2175 einmal
1502 2151 1644 2174 zusam-

899 2188 1132 2233 mengefasst.

946 2237 1011 2280 qui
1041 2237 1173 2280 ubique
1203 2238 1307 2278 sunt,
1349 2235 1439 2268 ‘wer
1476 2233 1551 2268 und
1586 2244 1644 2268 wo

901 2283 954 2317 sie
987 2282 1064 2318 sein
1095 2282 1256 2326 mogen’.
1308 2281 1385 2316 Vor
1410 2280 1536 2316 Livius
1570 2281 1645 2314 und

900 2329 1031 2374 Vergil
1064 2329 1178 2363 findet
1217 2328 1296 2363 sich
1329 2329 1461 2373 ubique
1503 2339 1572 2362 nur
1608 2327 1646 2361 in

901 2377 1020 2411 dieser
1045 2376 1169 2411 Weise
1207 2376 1303 2410 nach
1343 2375 1463 2410 einem
1496 2374 1646 2409 Relativ

902 2425 990 2459 oder
1015 2423 1262 2467 Interrogativ
1288 2422 1504 2467 gebraucht.

948 2469 1041 2514 Kap.
1069 2470 1131 2505 16.
1159 2474 1215 2505 36.
1245 2470 1399 2511 ratione,
1428 2469 1559 2503 ‘durch
1585 2468 1644 2502 die

901 2517 1076 2561 Philosop
1079 2517 1167 2551 hie’.
1173 2517 1444 2559 —formiclz‘nes,
1451 2515 1645 2550 ‘Schreck-

900 2564 1049 2599 bilder'.
1089 2563 1174 2608 Vgl
1200 2563 1254 2597 ΙΙΙ
1281 2567 1335 2606 18,
1362 2567 1405 2597 42
1432 2564 1644 2607 sapientz'ffize

901 2610 1326 2655 Weisheitslegeln.1n
1352 2610 1506 2645 anderer
1521 2609 1646 2643 Weise

899 2658 948 2692 ist
980 2658 1044 2693 der
1074 2657 1201 2691 Plural
1233 2657 1297 2692 des
1326 2657 1570 2701 {Abstractum
1596 2654 1646 2688 IV

901 2709 935 2748 9,
961 2709 1004 2739 22
1032 2705 1277 2749 aeyritudines
1302 2703 1518 2748 gebraucht.

948 2752 1115 2786 videbare
1141 2763 1168 2786 S.
1196 2755 1214 2792 ἕ
1244 2755 1298 2785 11.

950 2799 1178 2839 cadentibus,
1228 2798 1352 2831 cadere

901 2846 1056 2889 sepeliri.

1496 2797 1646 2838 demitti,

1403 2813 1446 2825 ll
