1811 3103
402 78 796 114 TUSCULANARUM
822 77 1220 113 DISPUTATIONUM
1247 79 1289 113 V.
1318 83 1464 114 'Io—53.
1618 79 1699 119 133

154 190 278 228 virtus
316 188 361 228 ad
406 188 516 227 beate
556 188 761 227 vivendum
800 190 849 226 sit
893 199 934 226 56
974 189 1054 238 ipsa
1093 195 1286 227 contenta.
1349 189 1534 240 Sequitur
1573 191 1698 240 tertia,
1714 196 1753 227 72²

155 259 252 299 quae
292 260 361 299 per
399 259 534 286 omnes
572 252 701 298 partes
739 247 950 298 sapientiae
995 253 1124 285 manat
1165 253 1203 286 et
1240 247 1434 300 funditur,
1477 260 1575 299 quac
1614 260 1696 287 rem

154 306 300 358 definit,
333 318 475 358 genera
501 306 694 357 dispertit,
725 306 928 356 sequentia
954 304 1139 356 adiungit,
1171 306 1343 356 perfecta
1370 306 1579 357 concludit,
1608 319 1697 345 vera

154 371 193 404 et
225 365 317 403 salsa
350 365 546 415 diiudicat,
578 363 794 402 disserendi
828 365 925 402 ratio
951 368 990 402 et
1016 364 1188 402 scientia.
1245 363 1301 402 Ex
1328 377 1402 414 qua
1433 377 1520 403 cum
1548 377 1696 404 summa

153 423 300 463 utilitas
333 425 482 462 exsistit
514 423 558 461 ad
593 435 655 461 res
687 421 975 474 ponderandas,
1008 427 1090 460 tum
1123 433 1301 461 maxume
1334 424 1501 473 ingenua
1533 424 1698 462 delecta-

153 484 205 521 tio
239 488 278 521 et
308 481 421 533 digna
454 482 652 532 sapientia.
715 480 790 518 Sed
823 480 917 518 haec
956 481 1042 519 otii:
1081 485 1253 519 transeat
1291 480 1393 519 idem
1432 483 1504 519 iste
1543 484 1697 533 sapiens

152 541 198 580 ad
232 553 313 579 rem
346 539 538 592 publicam
572 539 764 578 tuendam.
829 538 929 584 Quid
961 551 1007 577 eo
1039 540 1162 590 possit
1188 551 1274 577 6556
1301 541 1576 591 praestantius,
1608 553 1696 578 cum

150 599 356 651 prudentia
389 598 594 638 utilitatem
627 599 769 636 civium
807 603 957 650 cernat,
996 599 1142 636 iustitia
1182 598 1275 636 nihil
1315 600 1353 636 in
1393 609 1500 636 suam
1540 598 1696 636 domum

150 657 240 697 inde
273 657 432 709 derivet,
464 656 625 707 reliquis
657 661 791 695 utatur
823 662 881 695 tot
911 661 989 695 tam
1015 658 1210 707 variisque
1239 655 1479 696 virtutibus?
1522 656 1696 707 Adiunge

151 716 320 755 fructum
365 716 640 767 amicitiarum,
684 716 722 753 in
768 727 843 766 quo
889 714 1013 754 doctis
1057 717 1227 767 positum
1269 722 1329 754 est
1367 728 1454 754 cum
1493 715 1697 754 consilium

151 776 276 814 omnis
307 776 405 813 vitae
445 775 694 813 consentiens
734 780 772 813 et
808 786 931 825 paene
971 776 1217 826 conspirans,
1258 780 1339 813 tum
1379 786 1528 813 summa
1561 776 1698 813 iucun-

151 834 249 873 ditas
281 845 301 871 e
334 832 527 872 cotidiano
566 832 672 871 cultu
712 838 826 883 atque
862 834 975 872 victu.
1037 832 1137 878 Quid
1176 833 1271 871 haec
1304 833 1459 871 tandem
1491 835 1566 872 vita
1598 833 1697 872 desi-

150 892 260 931 derat
297 903 373 942 quo
413 892 463 930 sit
501 889 679 930 beatior?
741 891 811 930 Cui
845 892 1012 930 refertae
1044 898 1102 931 tot
1134 893 1329 942 tantisque
1362 892 1511 943 gaudiis
1544 892 1698 930 fortuna

148 952 231 1002 ipsa
264 949 375 989 cedat
407 962 567 989 necesse
602 956 670 989 est.
734 950 845 996 Quod
879 952 912 989 si
949 950 1118 1002 gaudere
1158 950 1300 989 talibus
1338 950 1450 989 honis
1490 951 1624 1002 animi,
1661 950 1697 988 id

149 1014 210 1048 est
246 1008 473 1060 virtutibus,
516 1008 672 1048 beatum
711 1015 787 1062 est,
829 1021 1042 1060 omnesque
1083 1011 1278 1061 sapientes
1318 1009 1379 1048 his
1421 1010 1570 1061 gaudiis
1611 1021 1698 1061 per-

151 1068 348 1119 fruuntur,
381 1080 515 1106 omnes
548 1080 614 1107 eos
646 1067 780 1106 beatos
813 1080 899 1107 esse
932 1070 1110 1107 confiteri
1143 1081 1304 1108 necesse
1338 1074 1408 1108 est.
1713 1086 1767 1127 26

270 1128 313 1165 Α.
346 1126 523 1165 Etiamne
562 1128 601 1165 in
640 1128 816 1166 cruciatu
855 1133 971 1178 atque
1009 1125 1244 1166 tormentis?
1305 1128 1359 1166 M.
1392 1128 1449 1165 An
1487 1133 1529 1166 tu
1566 1139 1626 1165 me
1659 1128 1756 1169 11173

153 1185 250 1224 viola
285 1185 448 1237 putabas
480 1191 546 1224 aut
576 1186 616 1224 in
648 1197 735 1224 rosa
768 1183 928 1225 dicere?
989 1187 1045 1225 An
1078 1185 1267 1239 Epicur0,
1303 1188 1369 1238 qui
1401 1191 1551 1225 tantum
1584 1185 1698 1224 modo

197 1337 251 1370 72.
277 1344 368 1378 quae
394 1354 437 1359 —-
462 1334 654 1377 funditur:
681 1334 739 1368 die
766 1335 887 1379 Logik
955 1336 1099 1378 primus
1137 1336 1270 1370 attulit.
1321 1335 1422 1371 Verr.
1463 1334 1512 1368 IV
1553 1338 1615 1376 14,
1655 1338 1698 1368 32

148 1380 264 1416 findet
293 1381 331 1415 in
367 1381 467 1415 allen
500 1380 630 1415 Teilen
667 1381 731 1415 der
761 1381 886 1416 Philo·
958 1383 1062 1416 iubeo
1080 1384 1203 1426 promi
1227 1403 1273 1407 —
1298 1386 1330 1417 ct
1360 1393 1493 1417 mecum
1526 1383 1573 1416 ad
1592 1392 1698 1426 prae·

150 1427 277 1473 sophie
303 1427 381 1463 ihre
407 1427 675 1473 Verwendung.
959 1429 1049 1464 toris
1073 1430 1216 1464 domum
1240 1430 1342 1472 ferri.

191 1475 353 1519 perfecta
378 1475 599 1528 ‘concludih
643 1475 708 1509 das
751 1475 888 1520 Darge·
1006 1488 1047 1522 in
1077 1498 1146 1532 quo
1178 1489 1292 1523 doctis
1326 1490 1413 1531 cen,
1452 1487 1566 1522 worin
1604 1487 1699 1521 nach

148 1522 260 1557 thane
286 1534 329 1556 zu
355 1533 474 1557 einem
495 1521 640 1556 Sehluss
660 1533 886 1557 zusammen·
960 1534 1024 1569 der
1050 1535 1124 1569 AnS
1127 1535 1206 1569 leht
1237 1535 1301 1569 der
1333 1535 1510 1579 Philosop
1514 1535 1586 1569 hen
1617 1534 1699 1569 eine

148 1568 279 1604 famen·
323 1569 494 1614 perficere
517 1569 584 1604 hat
610 1569 680 1604 den
701 1569 790 1604 Siml
815 1580 888 1605 V01¹
959 1581 1326 1627 Ubereinstimmung
1360 1581 1436 1616 und
1461 1547 1537 1616 fatet
1561 1581 1699 1625 vollige

147 1616 398 1651 demonstrare.
424 1616 468 1651 de
487 1616 547 1650 fin.
557 1616 590 1650 II
604 1620 660 1660 27,
676 1619 720 1651 85
730 1617 887 1661 perfecto

148 1663 242 1698 enim
279 1666 311 1698 et
346 1664 510 1698 concluso
547 1674 657 1708 neque
692 1664 888 1699 virtutibus

151 1720 262 1755 neque
286 1711 458 1745 amicitiis
489 1721 640 1755 usquam
666 1711 781 1746 locum
805 1721 885 1746 esse.

196 1760 356 1792 transeat
382 1758 431 1792 ad
454 1768 562 1802 remp.
590 1759 767 1793 tuendam.
818 1758 886 1792 Die

147 1803 385 1849 Beteiligung
409 1816 469 1839 am
490 1804 721 1840 Staatsleben
748 1804 885 1840 erklar-

146 1852 210 1886 ten
247 1851 307 1885 die
348 1851 495 1886 Stoiker
539 1852 777 1887 abweichend
814 1864 886 1887 von

147 1897 291 1943 Epikur
338 1897 396 1932 fiir
438 1898 570 1933 Pflieht
619 1899 682 1934 des
725 1898 884 1934 KVeisen.

147 1944 254 2000 Diog
281 1945 350 1980 VII
387 1949 451 1980 121
490 1943 760 1981 πολιτεύεσθαί
793 1958 886 1990 φασι

147 1989 212 2026 τὸν
252 1989 387 2047 σοφόν,
423 1989 471 2027 ὂὶν
509 1989 558 2050 μή
596 2006 629 2027 τι
667 1990 809 2039 κωλύῃ,
841 2013 886 2019 —-

147 2038 212 2073 καὶ
245 2037 315 2083 γὰρ
349 2039 486 2074 κακίαν
527 2038 684 2084 (ἐφέξειν
725 2041 787 2074 καὶ
823 2037 884 2075 ἐπ’

148 2083 286 2130 ἀρετὴν
311 2085 574 2132 παρορμήσειν.
619 2088 660 2122 In
681 2088 746 2122 der
764 2087 886 2123 Hoch-

148 2134 349 2186 achatiung
375 2134 438 2169 der
456 2134 724 2169 Freundschaft
747 2134 886 2169 stimm-

147 2182 211 2215 ten
249 2180 299 2215 sie
337 2180 406 2215 mit
441 2181 584 2226 Epikur
623 2181 775 2216 iiberein
812 2182 887 2216 und

148 2227 387 2263 bestimmten
429 2228 487 2263 die
519 2228 789 2264 Freundschaft
832 2229 886 2264 als

148 2287 326 2309 κοινωνία
353 2275 427 2310 τῶν
452 2289 547 2310 κατα
570 2277 661 2332 βίον,
687 2276 886 2321 χρωμένων

148 2317 254 2366 ἡμῶν
279 2325 354 2362 τοῖς
380 2323 501 2366 φίλοις
526 2319 575 2363 ὥς
602 2320 759 2363 ἑαυτοῖς.
808 2322 888 2357 Ν111·

150 2368 215 2403 der
244 2368 366 2403 Weise
407 2369 514 2405 sollte
551 2382 595 2405 zu
634 2370 698 2405 der
735 2370 886 2405 wahren

148 2415 418 2451 Freundschaft
441 2417 592 2462 befahig
593 2417 610 2451 t
636 2417 725 2452 sein.

195 2463 237 2497 in
255 2473 359 2497 suam
377 2463 530 2500 domum.
564 2464 631 2499 Die
653 2464 887 2510 Praposition

148 2509 190 2544 in
237 2509 321 2544 tritt
368 2521 448 2545 zum
498 2511 696 2546 Accusativ
745 2512 888 2547 domum

150 2555 270 2600 hinzu,
297 2557 392 2591 auch
421 2568 524 2592 wenn
543 2558 663 2593 dieser
681 2558 749 2593 mit
768 2559 888 2594 einem

149 2602 545 2648 Possessivpronomen
595 2605 682 2640 oder
730 2604 888 2641 Genetiv

149 2650 362 2686 verbunden
395 2650 462 2694 ist,
497 2651 549 2685 im
580 2651 662 2687 Fan
693 2652 799 2687 nicht
829 2652 887 2687 die

150 2695 314 2741 Heimat‚
341 2698 496 2733 sondern
523 2698 587 2733 das
607 2698 706 2733 Hans
730 2699 789 2733 fiir
809 2699 888 2734 sich

151 2744 207 2779 als
227 2743 412 2789 Gebaude,
434 2745 551 2780 Lokal
570 2746 781 2780 betrachtet
800 2757 889 2781 wer·

151 2791 222 2826 den
248 2791 326 2827 soll.
378 2791 421 2827 de
449 2792 507 2827 off.
534 2792 549 2826 1
576 2796 632 2836 39,
661 2796 727 2827 138
757 2793 890 2837 Itaque

148 2838 209 2874 ille
250 2839 292 2874 in
333 2849 436 2874 suam
479 2840 620 2875 domum
667 2840 889 2875 consulatum

960 1628 1171 1663 Gleichheit:
1202 1629 1265 1664 des
1292 1629 1564 1674 Lebensplanes
1596 1629 1698 1672 liegt

960 1676 1005 1711 de
1026 1675 1118 1711 off.I
1142 1680 1196 1720 17,
1211 1680 1254 1711 56
1281 1677 1506 1721 efficiturque
1529 1676 1580 1718 id,
1606 1675 1700 1720 quod

961 1723 1193 1769 Pythayoras
1235 1724 1403 1758 ultimum
1452 1724 1493 1758 in
1536 1723 1700 1758 amicitia

953 1771 1114 1814 putavit,
1138 1775 1179 1805 ut
1204 1781 1300 1806 unus
1324 1772 1390 1814 fiat
1414 1781 1457 1805 ea:
1475 1771 1661 1814 pluribus.

1005 1830 1157 1871 fortuna
1181 1830 1263 1873 ipsa
1289 1830 1399 1864 cedat.
1450 1829 1580 1864 Parad.
1601 1829 1633 1863 V
1654 1833 1699 1864 34

959 1878 1019 1911 cui
1053 1878 1159 1911 etiam
1193 1888 1284 1921 quac
1317 1878 1388 1911 vim
1422 1877 1549 1912 habere
1583 1877 1699 1911 macci-

958 1935 1054 1958 mam
1088 1925 1242 1966 (licitur,
1277 1923 1450 1959 Fortuna
1483 1925 1566 1968 ipsa
1598 1924 1700 1958 cedit.

959 1971 1027 2005 Die
1042 1970 1339 2016 Glflekseligkeit
1352 1971 1415 2005 des
1429 1970 1580 2005 Weisen
1601 1970 1701 2005 steht

959 2018 1054 2053 nach
1081 2018 1145 2052 der
1169 2018 1287 2052 Lehre
1321 2018 1385 2052 der
1412 2017 1559 2053 Stoiker
1584 2017 1700 2052 selbst

960 2064 1024 2099 der
1073 2064 1372 2110 Gliickseligkeit
1418 2064 1548 2100 Gottes
1596 2064 1700 2099 nicht

958 2112 1067 2147 nach.

1006 2170 1098 2215 Kap.
1126 2170 1189 2206 26.
1229 2175 1282 2207 73.
1309 2172 1351 2206 in
1376 2171 1473 2206 viola
1502 2190 1541 2195 —
1570 2173 1633 2205 aut
1659 2171 1700 2204 in

958 2228 1059 2260 rosa,
1097 2218 1161 2252 auf
1193 2219 1314 2253 einem
1345 2218 1464 2263 Lager
1495 2228 1567 2252 von
1598 2216 1698 2251 Veil-

959 2265 1052 2299 chen
1073 2265 1161 2299 oder
1180 2265 1312 2300 Rosen.
1358 2265 1423 2300 Bei
1445 2264 1610 2309 iippigen
1630 2264 1699 2299 Ge-

958 2312 1070 2356 lagen
1100 2312 1237 2358 pflegte
1270 2323 1356 2346 man
1389 2313 1467 2347 sich
1493 2312 1622 2346 Kissen
1656 2322 1699 2345 zu

958 2359 1156 2402 bedienen,
1202 2359 1259 2394 die
1303 2359 1371 2394 mit
1413 2358 1700 2394 Rosenbiiittern

960 2406 1047 2441 oder
1063 2405 1243 2441 Veilchen
1269 2406 1452 2452 angefiillt
1477 2416 1610 2440 waren.
1655 2405 1700 2440 (16

958 2453 1019 2487 fin.
1034 2453 1067 2487 H
1087 2457 1144 2497 20,
1164 2458 1206 2488 65
1229 2457 1411 2498 potantem
1437 2455 1478 2488 in
1502 2463 1586 2487 rosa
1608 2452 1639 2486 T
1640 2453 1700 2487 ho-

958 2501 1066 2535 rium.
1099 2500 1186 2535 Hor.
1208 2512 1318 2536 carm.
1339 2501 1355 2534 Ι
1375 2505 1407 2544 5,
1430 2505 1447 2535 1
1478 2500 1567 2545 Quis
1585 2500 1700 2534 multa

958 2548 1109 2592 yracilis
1133 2551 1165 2582 te
1184 2558 1280 2592 puer
1304 2549 1345 2582 in
1376 2558 1459 2582 rosa
1490 2567 1531 2572 -
1558 2549 1697 2592 uryuet.

1007 2605 1266 2651 AnEpicuro:
1286 2607 1352 2641 Als
1366 2605 1446 2651 Geg
1448 2607 1573 2640 ensatz
1589 2605 1697 2639 sollte

960 2652 1085 2698 folgen
1116 2654 1239 2688 ceteris
1267 2618 1489 2697 philosopghis
1520 2653 1611 2687 idem
1643 2652 1697 2685 ‹Ii—

960 2711 1036 2735 cere
1053 2711 1127 2734 non
1148 2700 1274 2735 licebit.
1320 2699 1375 2733 Da
1396 2700 1484 2734 aber
1505 2699 1593 2733 iiber
1612 2697 1699 2741 Epi-

959 2746 1030 2780 kur
1055 2745 1323 2781 ausfiihrlicher
1348 2746 1575 2791 gesprochen
1594 2744 1697 2786 wird,

960 2793 1053 2828 wird
1084 2793 1147 2827 der
1178 2793 1398 2828 Vordersatz
1431 2793 1499 2827 mit
1528 2792 1588 2827 sed
1618 2802 1698 2826 cum

962 2841 993 2875 is
1018 2840 1116 2875 dicat
1142 2839 1276 2875 wieder
1302 2840 1593 2885 aufgenommen.
